=LDR  01296nam a22002417i 4500
=001  22313
=008  150115s1950\\\\xxu||||||\\\\|||||\|eng|c
=041  \7$aeng
=100  \\$aGierke, Otto von$d1841-1921$1http://www.wikidata.org/entity/Q61652$4aut$927776
=245  10$aNatural Law and the Theory of Society 1500 to 1800
=260  \\$aCambridge$bCambridge University PRess$c1950
=300  \\$axci, 423 pages
=500  \\$aIn 1881 Gierke published "Das deutsche Genossenschaftsrecht" (The German Law of Associations). The present work, which deals with the political theories of the modern age, from 1500 to 1800, is a translation of five subsections in Gierke's fourth volume, which was published in 1913.
=650  \0$aLaw$1http://www.wikidata.org/entity/Q7748$93727
=650  \0$aPhilosophy$1http://www.wikidata.org/entity/Q5891$92357
=650  \0$aSociology$1http://www.wikidata.org/entity/Q21201$924938
=650  \0$aCultural history$1http://www.wikidata.org/entity/Q858517$922395
=650  \0$aPolitics$1http://www.wikidata.org/entity/Q7163$921826
=700  1\$aTroeltsch, Ernst$4ctb
=700  1\$aBarker, Ernest$4trl
=942  \\$cBOO
=952  \\$00$10$2ddc$40$6PHI_GIER_A$70$8PHI$923693$aORPH$bORPH$cKM12_3_2$d2024-10-22$l0$oPHI GIER a$p20143893$r2024-10-22 16:29:32$w2024-10-22$yBOO
=999  \\$d22313

