=LDR  00814nam a2200193 a 4500
=001  22314
=008  830111s1948\\\\xx\\\\\\r\\\\\000\0\fre\d
=041  \\$afre
=100  \\$aDupréel, Eugène$d1879-1967$4aut$927777
=245  14$aLes sophistes :$bProtagoras, Gorgias, Prodicus, Hippias.
=260  \\$aNeuchâtel$bGriffon$c1948
=300  \\$a407 pages
=490  0\$aBibliothèque scientifique. Philosophie et histoire$v14
=561  \\$aEx libris PH. Delhaye (plate)
=648  \0$aClassical Antiquity (8th Century BC-6th Century AD)$1http://www.wikidata.org/entity/Q486761$921435
=650  \0$aPhilosophy$1http://www.wikidata.org/entity/Q5891$92357
=942  \\$cBOO
=952  \\$00$10$2ddc$40$6PHI_DUPR_A$70$8PHI$923694$aORPH$bORPH$cKM12_3_2$d2024-10-22$l0$oPHI DUPR a$p20143892$r2024-10-22 17:01:56$w2024-10-22$yBOO
=999  \\$d22314

