=LDR  01156cam a2200229 i 4500
=001  22321
=041  0\$aeng$afre$ager$aita$alat
=100  \\$aLouis, René$4edt$927785
=245  00$aPierre Abelard, Pierre le Venerable :$bles courants philosophiques, littéraires et artistiques en Occident au milieu du XIIe siècle.
=260  \\$aParis $bEditions du Centre national de la recherche scientifique$c1975
=300  \\$a782-[20] pages$bplates, photos, maps, illustrations
=490  0\$aColloques internationaux du Centre national de la recherche scientifique$v546
=500  \\$aActes et mémoires
=504  \\$aIncludes bibliographical references and index.
=600  10$aAbelard, Peter$d1079-1142$1http://www.wikidata.org/entity/Q4295$927787
=648  \0$aMiddle Ages (500-1400)$1http://www.wikidata.org/entity/Q12554$920964
=650  \0$aPhilosophy$1http://www.wikidata.org/entity/Q5891$92357
=651  \0$aFrance$1http://www.wikidata.org/entity/Q142$9131
=700  \\$aJolivet, Jean$4edt$927786
=942  \\$cBOO
=952  \\$00$10$2ddc$40$6PHI_ABEL_B$70$8PHI$923705$aORPH$bORPH$cKM12_3_2$d2024-10-29$l0$oPHI ABEL b$p20143894$r2024-10-29 16:33:36$yBOO
=999  \\$d22321

