=LDR  00763nam a22001937i 4500
=001  22322
=005  20250925143311.0
=008  980914s1961\\\\gw\||||||\\\\|||||\|ger|c
=041  \7$ager
=100  \\$aCarnap, Rudolf$d1891-1970$1http://www.wikidata.org/entity/Q76519$4aut$918125
=245  14$aDer logische Aufbau der Welt. Scheinprobleme in der Philosophie.
=250  \\$a2nd Ed.
=260  \\$aHamburg$bMeiner$c1961
=300  \\$axx-336 pages
=648  \0$a20th Century (1901-2000)$1http://www.wikidata.org/entity/Q6927$920936
=650  \0$aPhilosophy$1http://www.wikidata.org/entity/Q5891$92357
=942  \\$cBOO
=952  \\$00$10$2ddc$40$6PHI_CARN_A$70$8PHI$923706$aORPH$bORPH$cKM12_3_2$d2024-10-29$l0$oPHI CARN a$p20143895$r2024-10-29 16:45:20$w2024-10-29$yBOO
=999  \\$d22322

