=LDR  00889nam a2200217 i 4500
=001  22327
=008  800515s1979\\\\fr\a\\\\\b\\\\000\0\fre\\
=041  \\$afre
=100  \\$aDeprun, Jean$d1923-2006$4aut$927788
=245  13$aLa philosophie de l'inquiétude en France au XVIIIe siècle
=260  \\$aParis$bVrin$c1979
=300  \\$a454 pages$billustrations
=490  0\$aBibliothèque d'histoire de la philosophie
=500  \\$a"Exemples musicaux": p. 385-406.
=504  \\$aBibliography: p. [407]-449.
=648  \0$a18th Century (1701-1800)$1http://www.wikidata.org/entity/Q7015$920899
=650  \0$aPhilosophy$1http://www.wikidata.org/entity/Q5891$92357
=651  \0$aFrance$1http://www.wikidata.org/entity/Q142$9131
=942  \\$cBOO
=952  \\$00$10$2ddc$40$6PHI_DEPR_A$70$8PHI$923711$aORPH$bORPH$cKM12_3_2$d2024-10-30$l0$oPHI DEPR a$p20143896$r2024-10-30 12:36:54$w2024-10-30$yBOO
=999  \\$d22327

