=LDR  00844nam a22001937i 4500
=001  22330
=008  910930s1971\\\\is\||||||\\\\|||||\|mul|c
=041  \7$aeng$agre
=245  04$aThe concept of time in late Neoplatonism$ctexts with translation, introduction and notes.
=260  \\$aJerusalem$bThe Israel Academy of Sciences and Humanities$c1971
=300  \\$a118 pages$billustrations
=500  \\$aTesto originale a fronte
=648  \0$aClassical Antiquity (8th Century BC-6th Century AD)$1http://www.wikidata.org/entity/Q486761$921435
=650  \0$aPhilosophy$1http://www.wikidata.org/entity/Q5891$92357
=700  1\$aPines, Shlomo$4aut
=700  1\$aSambursky, Shmuel$4aut
=942  \\$cBOO
=952  \\$00$10$2ddc$40$6PHI_SAMB_A$70$8PHI$923714$aORPH$bORPH$cKM12_3_2$d2024-10-30$l0$oPHI SAMB a$p20143897$r2024-10-30 13:10:10$w2024-10-30$yBOO
=999  \\$d22330

