=LDR  01074nam a2200229u  4500
=001  22337
=008  800311s1971\\\\xxk||||||\\\\|000\||eng|c
=041  \\$aeng
=100  \\$aClarke, M. L.$d1909-2010$1http://www.wikidata.org/entity/Q95229185$4aut$939848
=245  10$aHigher education in the ancient world
=260  \\$aLondon$bRoutledge & Kegan Paul$c1971
=300  \\$axi-188 pages
=504  \\$aIncludes bibliographical references.
=648  \0$aClassical Antiquity (8th Century BC-6th Century AD)$1http://www.wikidata.org/entity/Q486761$921435
=650  \0$aClassical education$1http://www.wikidata.org/entity/Q5128321$94599
=650  \0$aPhilosophy$1http://www.wikidata.org/entity/Q5891$92357
=650  \0$aRhetoric$1http://www.wikidata.org/entity/Q81009$93894
=651  \0$aRome (Italy)$1http://www.wikidata.org/entity/Q220$949
=651  \0$aGreece$1http://www.wikidata.org/entity/Q41$921778
=942  \\$cBOO
=952  \\$00$10$2ddc$40$6HUM_CLAR$70$8HUM$923722$aORPH$bORPH$cKM12_3_2$d2024-10-30$g35.00$l0$oHUM CLAR$p20132398$r2024-10-30 16:50:46$w2024-10-30$yBOO
=999  \\$d22337

