=LDR  01765nam a2200445 u 4500
=001  22338
=005  20251001162235.0
=008  241030b1869\\\\||||||||\||||\00|\0\fre\d
=100  \\$aTaine, Hippolyte$d1828-1893$1http://www.wikidata.org/entity/Q297726$919613
=245  10$aPhilosophie de l'art dans les Pays-Bas
=260  \\$aParis$bGermer-Baillière$c1869
=300  \\$aviii-171 pages
=490  0\$aBibliothèque de philosophie contemporaine
=648  \0$a19th Century (1801-1900)$1http://www.wikidata.org/entity/Q6955$920935
=650  \0$aAesthetics$1http://www.wikidata.org/entity/Q35986$921494
=651  \0$aNetherlands$1http://www.wikidata.org/entity/Q55$1https://www.wikidata.org/wiki/Q29999$9173
=856  \\$uhttps://books.google.be/books?vid=GENT900000084683$3Full text
=942  \\$cBOO
=952  \\$00$10$2ddc$40$6KTS_1_000000000000000_H_10_015$70$8RAR$923723$aORPH$bORPH$cKTS1_H$d2024-10-30$l0$oKTS1 H.10.015$p20143898$r2024-10-30 17:04:51$w2024-10-30$yBOO
=956  \\$aSVHERPEN$b20$c20090410$lBKT01$h1402
=956  \\$aMVERLAET$b20$c20090610$lBKT01$h1000
=956  \\$c20111012$h1520$lBKT01
=956  \\$c20120225$h2045$lRUG01
=956  \\$c20121031$h1608$lRUG01
=956  \\$c20130406$h1834$lRUG01
=956  \\$c20150412$h1253$lRUG01
=956  \\$c20150422$h1034$lRUG01
=956  \\$c20150422$h1758$lRUG01
=956  \\$c20170214$h1220$lRUG01
=956  \\$c20170221$h1645$lRUG01
=956  \\$c20170222$h1116$lRUG01
=956  \\$c20170226$h0101$lRUG01
=956  \\$aPCASSIER$b20$c20170505$lRUG01$h1020
=956  \\$c20181206$h1925$lRUG01
=956  \\$c20200619$h1534$lRUG01
=956  \\$c20211015$h1720$lRUG01
=956  \\$c20240916$h2054$lRUG01
=956  \\$c20240917$lRUG01$h0921
=956  \\$sBKT01-000324299
=999  \\$d22338

