=LDR  00956nam a2200205 c 4500
=001  22339
=008  981120s1942\\\\\\\\\\\\\||||\01|||\fre\d
=041  0\$afre
=245  10$aEtudes bergsoniennes$bhommage à Henri Bergson (1859 - 1941)
=264  \1$aParis$bPresses Universitaires de France$c1942
=300  \\$a222 pages
=490  \\$aRevue Philosophique$vNo Spéciale
=561  \\$aEx libris Ph. Delhaye (Plate)
=590  \\$apar Paul Valéry, FLoris Delattre, Louis Lavelle, P. Masson-Oursel, Maurice Pradines, René Le Senne, Raymond Bayer, Albert Millot.
=600  \0$aBergson, Henri$d1859-1941$1http://www.wikidata.org/entity/Q42156$917172
=650  \0$aPhilosophy$1http://www.wikidata.org/entity/Q5891$92357
=650  \0$aPhilosopher$1http://www.wikidata.org/entity/Q4964182$926399
=942  \\$cBOO
=952  \\$00$10$2ddc$40$6PHI_BERG_B$70$8PHI$923724$aORPH$bORPH$cKM12_3_2$d2024-10-31$l0$oPHI BERG b$p20143899$r2024-10-31 09:38:23$w2024-10-31$yBOO
=999  \\$d22339

