=LDR  00857nam a22002057i 4500
=001  22340
=008  000620s1959\\\\fr\||||||\\\\|||||\|||||c
=041  \7$afre
=100  1\$aBrochard, Victor$4aut
=245  14$aLes sceptiques grecs
=250  \\$aNouvelle ed. conforme a la 2
=260  \\$aParis$bLibrairie philosophique J. Vrin$c1959
=300  \\$a432 pages
=648  \0$aClassical Antiquity (8th Century BC-6th Century AD)$1http://www.wikidata.org/entity/Q486761$921435
=648  \0$a19th Century (1801-1900)$1http://www.wikidata.org/entity/Q6955$920935
=650  \0$aPhilosophy$1http://www.wikidata.org/entity/Q5891$92357
=651  \0$aGreece$1http://www.wikidata.org/entity/Q41$921778
=942  \\$cBOO
=952  \\$00$10$2ddc$40$6PHI_BROC_A$70$8PHI$923725$aORPH$bORPH$cKM12_3_2$d2024-10-31$l0$oPHI BROC a$p20143900$r2024-10-31 09:45:35$w2024-10-31$yBOO
=999  \\$d22340

