=LDR  01246cam a22003011  4500
=001  22341
=005  20251001162235.0
=008  241031s1964\\\\||||||||\||||\00|\0\ger\d
=035  \\$a(DLC) 72206559
=035  \\$a(OCoLC)3261201
=040  \\$aDLC$cNjPT$dDLC
=042  \\$apremarc
=050  00$aB765.T54$bC9 1964
=100  \\$aCzapiewski, Winfried$c1932-2024$1http://www.wikidata.org/entity/Q93267715$927798
=245  14$aDas Schöne bei Thomas von Aquin
=260  \\$aFreiburg$bHerder$c1964
=300  \\$a158 pages
=490  0\$aFreiburger theologische Studien$v82
=502  \\$aOriginally presented as the author's thesis, Freiburg i. B.
=504  \\$aBibliography: p. 9-13.
=600  \0$aAquinas, Thomas$d1225-1274$1http://www.wikidata.org/entity/Q9438$96620
=648  \0$aMiddle Ages (500-1400)$1http://www.wikidata.org/entity/Q12554$920964
=650  \0$aPhilosophy$1http://www.wikidata.org/entity/Q5891$92357
=650  \0$aAesthetics$1http://www.wikidata.org/entity/Q35986$921494
=650  \0$aTheology$1http://www.wikidata.org/entity/Q34178$93009
=942  \\$cBOO
=952  \\$00$10$2ddc$40$6PHI_AQUI_B_CZAP$70$8PHI$923726$aORPH$bORPH$cKM12_3_2$d2024-10-31$l0$oPHI AQUI b CZAP$p20143901$r2024-10-31 10:11:56$w2024-10-31$yBOO
=999  \\$d22341

