=LDR  02401nam a22002297a 4500
=001  22342
=008  241031s2021\\\\||||||||\||||\00|\0\eng\d
=041  \\$aeng
=100  \\$aBeghin, Tom$1https://orcid.org/0000-0001-7919-8985$4edt$917739
=245  \\$aThe Lure of Paris, 1795-1810.$bKeyboard Perspectives Vol. XIII (2021)
=260  \\$bWestfield Center$c2022
=300  \\$a272 pages
=490  \\$aKeyboard Perspectives. Yearbook of the Westfield Center for Historical Keyboard Studies$v13
=505  \\$gTilman Skowroneck, Preparing for Paris: Beethoven and French Musicianship. 
Erin Helyard, Muzio Clementi: The Father (Also) of French Pianism.
Tom Beghin, The Paris Conservatoire: An Institution with Ambition.
Michael Pecak, Frédéric Kalkbrenner as an Alumnus of the Paris Conservatoire. 
Jeanne Roudet, Reconciling Innovative Pedagogy with Musical Heritage: The Méthode de piano du Conservatoire of Louis Adam. 
Luca Montebugnoli, “On the Art of Accompanying the Score”: Louis Adam’s Instructions for Arranging Orchestral Music on the Piano.
Charles Shrader, Daniel Steibelt, Charlatanry, and the Technaesthetics of bon son.
Robin Blanton, Perfection’s Purchase: Erard Frères Grand Pianos in Paris Society around 1800. 
Hester Bell Jordan, Mesdemoiselles Erard: Gender, Music Publishing, and Self-Dedication in Nineteenth-Century Paris. 
Frédéric de La Grandville, The State of Piano Instruction at the Paris Conservatoire around 1810: An Inspector’s Report. 
Eleanor Smith, Book Review: Invention, Design, Fraternity: Three Books Furthering Knowledge of the French Piano Builder Sébastien Erard. 
Camilla Köhnken, Exhibition Review: “Beethoven. World.Citizen.Music” (Bundeskunsthalle Bonn) and “Hotel Beethoven” (Bozar Brussels): Two Anniversary Exhibitions Braving the Corona Year of 2020 and Other Calamities.

=648  \0$a18th Century (1701-1800)$1http://www.wikidata.org/entity/Q7015$920899
=648  \0$a19th Century (1801-1900)$1http://www.wikidata.org/entity/Q6955$920935
=650  \0$aKeyboard music$1http://www.wikidata.org/entity/Q105715630$921412
=650  \0$aKeyboard instrument$1http://www.wikidata.org/entity/Q52954$92849
=651  \0$aParis (France)$1http://www.wikidata.org/entity/Q90$9160
=942  \\$cBOO
=952  \\$00$10$2ddc$40$6INS_PER3_KP$70$8INS$923727$aORPH$bORPH$cKTS0$d2024-10-31$l0$oINS PER3 KP$r2024-10-31 10:19:36$w2024-10-31$yBOO
=999  \\$d22342

