=LDR  00865cam a2200205 a 4500
=001  22343
=005  20251008124553.0
=008  830225s1980\\\\be\\\\\\\b\\\\000\0\fre\\
=041  \\$afre
=100  \\$aCouloubaritsis, Lambros$d1941-$1http://www.wikidata.org/entity/Q3216686$916151
=245  12$aL'avènement de la science physique :$bessai sur la Physique d'Aristote
=260  \\$aBruxelles$bOusia$c1980
=300  \\$a338 pages
=504  \\$aBibliography: p. [327]-338.
=600  \0$aAristoteles$d384-322 BC$1http://www.wikidata.org/entity/Q868$94906
=650  \0$aPhysics$1http://www.wikidata.org/entity/Q413$927770
=650  \0$aPhilosophy$1http://www.wikidata.org/entity/Q5891$92357
=942  \\$cBOO
=952  \\$00$10$2ddc$40$6PHI_ARIS_B_COUL$70$8PHI$923728$aORPH$bORPH$cKM12_3_2$d2024-10-31$l0$oPHI ARIS b COUL$p20143902$r2024-10-31 10:20:00$w2024-10-31$yBOO
=999  \\$d22343

