=LDR  00822nam a22001937i 4500
=001  22345
=008  980713s1970\\\\fr\||||||\\\\|||||\|||||c
=041  \7$afre
=100  1\$aRitter, Joachim$4aut
=245  10$aHegel et la révolution française, suivi de Personne et propriété selon Hegel 
=260  \\$aParis$bBeauchesne$c1970
=300  \\$a142 pages
=600  \0$aHegel, Georg Wilhelm Friedrich$d1770-1831$1http://www.wikidata.org/entity/Q9235$915796
=650  \0$aPhilosophy$1http://www.wikidata.org/entity/Q5891$92357
=650  \0$aFrench Revolution (1789-1799)$1http://www.wikidata.org/entity/Q6534$925608
=700  1\$aSass, Hans-Martin
=942  \\$cBOO
=952  \\$00$10$2ddc$40$6PHI_HEGE_B_RITT$70$8PHI$923731$aORPH$bORPH$cKM12_3_2$d2024-10-31$l0$oPHI HEGE b RITT$p20143904$r2024-10-31 12:39:39$w2024-10-31$yBOO
=999  \\$d22345

