=LDR  00841nam a2200217 c 4500
=001  22346
=007  t
=008  930210s1941\\\\\\\\\\\\\m|||\00|||\dut\d
=041  0\$adut
=100  1\$aWielen, Willem van der$4aut
=245  10$aDe ideegetallen van Plato
=264  \1$aAmsterdam$bCenten$c1941
=300  \\$axi, 270 pages
=500  \\$aZugl.: Amsterdam, Diss., 1941
=600  \0$aPlato$d428/427-348/347 BC $1http://www.wikidata.org/entity/Q859$913315
=648  \0$aClassical Antiquity (8th Century BC-6th Century AD)$1http://www.wikidata.org/entity/Q486761$921435
=650  \0$aZahlentheorie
=650  \0$aPhilosophy$1http://www.wikidata.org/entity/Q5891$92357
=942  \\$cBOO
=952  \\$00$10$2ddc$40$6PHI_PLAT_B_WIEL$70$8PHI$923732$aORPH$bORPH$cKM12_3_2$d2024-10-31$l0$oPHI PLAT b WIEL$p20143905$r2024-10-31 12:46:46$w2024-10-31$yBOO
=999  \\$d22346

