=LDR  01512nas a22002297a 4500
=001  22347
=008  241031i19602018||||||||\||||\00|\0\dut\d
=041  \\$adut
=110  \\$aKoninklijke Vereniging van Organisten & Kerkmusici$1http://www.wikidata.org/entity/Q109450436$927803
=245  \\$aHet Orgel. $bTijdschrift van de Koninklijke Vereniging van Organisten & Kerkmusici
=246  \1$aHet Orgel. $bUitgave van de Nederlandse Organisten Vereniging
=246  \1$aHet Orgel.$bUitgave van de Koninklijke Nederlandse Organistenvereniging
=260  \\$bKoninklijke Vereniging van Organisten en Kerkmusici$c1960-2018
=500  \\$aThe magazine Het Orgel started in 1886, it is the oldest periodical about organs in Europe. 
=505  \\$gFirst issue in this collection is the celebratory issue from 1960 (Het Orgel , Nederlandse Organisten Vereniging 1890-1960). 
Vol. 58/1, 62/3, 65/1-71/4, 71/6-72/7, 72/9-77/5, 77/7-78/5, 78/7-[92]/9, [92]/11-93/10, 94-114

=650  \0$aOrgan$1http://www.wikidata.org/entity/Q1444$92810
=650  \0$aOrgan music$1https://www.wikidata.org/entity/Q2003283$1https://www.wikidata.org/wiki/Q116958279$91951
=650  \0$aOrganist$1http://www.wikidata.org/entity/Q765778$94471
=651  \0$aNetherlands$1http://www.wikidata.org/entity/Q55$1https://www.wikidata.org/wiki/Q29999$9173
=942  \\$cPER
=952  \\$00$10$2ddc$40$6INS_PER3_1_000000000000000_OR1$70$8INS$923733$aORPH$bORPH$cKTS0$d2024-10-31$eKoopman$l0$oINS PER3.1 OR1$p20129513$r2024-10-31 17:44:23$w2024-10-31$yPER
=999  \\$d22347

