=LDR  00890nam a22001817a 4500
=001  22350
=008  241101s1985\\\\||||||||\||||\00|\0\ita\d
=041  \\$aita
=100  \\$aBarbieri, Patrizio$d?-2024$1http://www.wikidata.org/entity/Q123680251$910277
=245  \\$aRegesto degli organi della città di Roma.$bEstratto da L'Organo, Rivista di cultura organaria e organistica Anno XIX - 1981
=260  \\$aBologna$bPatron$c1985
=500  \\$aoffprint
=500  \\$aList/register of the organs in Rome, compiled after visits to all of these in the years 1981-1982. 
=650  \0$aOrgan$1http://www.wikidata.org/entity/Q1444$92810
=651  \0$aRome (Italy)$1http://www.wikidata.org/entity/Q220$949
=942  \\$cART
=952  \\$00$10$2ddc$40$6INS_PER3_1_000000000000000_OR5$70$8INS$923736$aORPH$bORPH$cKTS0$d2024-11-01$eKoopman$l0$oINS PER3.1 OR5$p20130811$r2024-11-01 12:31:35$w2024-11-01$yART
=999  \\$d22350

