=LDR  01018nam a22002057a 4500
=001  22352
=008  241101s1995\\\\||||||||\||||\00|\0\dut\d
=041  \\$adut
=110  \\$aStichting Clavecimbel Genootschap Nederland$927805
=245  \\$aHet basso continuospel. $bVerslag van de studiedagen op 3 november 1993, 26 maart 1994 en 1 oktober 1994
=260  \\$bStichting Genootschap van Clavecimbeldocenten in Nederland$c1995
=300  \\$a43 pages
=650  \0$aBasso continuo$1http://www.wikidata.org/entity/Q724321$921065
=650  \0$aMethod$1http://www.wikidata.org/entity/Q2250960$921402
=650  \0$aMusic education$1http://www.wikidata.org/entity/Q27908$921766
=651  \0$aNetherlands$1http://www.wikidata.org/entity/Q55$1https://www.wikidata.org/wiki/Q29999$9173
=700  \\$aLinden, Fons van der$4edt$927806
=942  \\$cBOO
=952  \\$00$10$2ddc$40$6INS_PER3_2_000000000000000_CL1$70$8INS$923738$aORPH$bORPH$cKTS0$d2024-11-01$eKoopman$l0$oINS PER3.2 CL1$p20129478$r2024-11-01 14:25:51$w2024-11-01$yBOO
=999  \\$d22352

