=LDR  01070acm a2200229   4500
=001  22364
=005  20250925143311.0
=008  241114r19981966\l\|\\|||\\\\\0\i|||mul\d
=024  \\$2M041312415$aISMN
=041  \\$aita$deng
=100  \\$4cmp$aNono, Luigi$d1924-1990$1http://www.wikidata.org/entity/Q160451$917010
=245  \\$aA floresta é jovem e cheja de vida :$bper soprano, tre voci di attori, clarinetto in Sib, lastre e nastri magnetici (1965-1966)
=260  \\$aMilan$bRicordi$c1998
=300  \\$alii-45 pages$clarge
=500  \\$afor soprano, three actors' voices, Bb clarinet, slabs and magnetic tapes (1965-1966) 
=648  \0$a20th Century (1901-2000)$1http://www.wikidata.org/entity/Q6927$920936
=650  \0$aSoprano$1http://www.wikidata.org/entity/Q30903$922885
=650  \0$aElectronic music$1http://www.wikidata.org/entity/Q9778$922014
=700  \\$aPirelli, Giovanni$4edt$938201
=942  \\$cSCO
=952  \\$00$10$2ddc$40$6SCO_XL_NONO$70$8SCO$924030$aORPH$bORPH$cKTS1_P$d2024-06-20$l0$oSCO XL NONO$p20143911$r2024-11-14 18:39:52$w2024-11-14$ySCO
=999  \\$d22364

