=LDR  01647cam a2200265 i 4500
=001  22365
=008  760401s1976\\\\fr\\\\\\\b\\\\001\0bfre\\
=041  \\$afre
=100  \\$aAron, Raymond$d1905-1983$938203
=245  10$aPenser la guerre, Clausewitz$bI L'âge européen - II L'âge planétaire
=260  \\$a[Paris]$bGallimard$c1976
=300  \\$a2 vols (472-[6]+365-[6] pages)
=490  0\$aBibliothèque des sciences humaines
=500  \\$aCarl Philipp Gottfried (or Gottlieb) von Clausewitz was a Prussian general and military theorist who stressed the "moral" (in modern terms meaning psychological) and political aspects of waging war. His most notable work, Vom Kriege (On War), though unfinished at his death, is considered a seminal treatise on military strategy and science. 
=504  \\$aBibliography: v. 2, p. [339]-351.
=600  \0$aClausewitz, Carl von $d1780-1831$1http://www.wikidata.org/entity/Q76430$938202
=648  \0$a19th Century (1801-1900)$1http://www.wikidata.org/entity/Q6955$920935
=650  \0$aWar$1http://www.wikidata.org/entity/Q198$92928
=650  \0$aPhilosophy$1http://www.wikidata.org/entity/Q5891$92357
=650  \0$aEthics$1http://www.wikidata.org/entity/Q9465$924679
=650  \0$aMilitary history$1http://www.wikidata.org/entity/Q192781$93874
=942  \\$cBOO
=952  \\$00$10$2ddc$3vol.1$40$6PHI_CLAU_B_ARON$70$8PHI$924031$aORPH$bORPH$cKM12_3_2$d2024-11-18$l0$oPHI CLAU b ARON$p20143912$r2024-11-18 10:24:02$w2024-11-18$yBOO
=952  \\$00$10$2ddc$3vol.2$40$6PHI_CLAU_B_ARON$70$8PHI$924032$aORPH$bORPH$cKM12_3_2$d2024-11-18$l0$oPHI CLAU b ARON$p20143913$r2024-11-18 10:24:29$w2024-11-18$yBOO
=999  \\$d22365

