=LDR  00882nam a22001937a 4500
=001  22366
=005  20250925143311.0
=008  241118s1979\\\\||||||||\||||\00|\0\dut\d
=100  \\$aDussen, M. van der$4aut$938204
=245  \\$aAristoteles$bNieuw onderzoek naar de betekenis van zijn Kategoriën
=260  \\$aServire$bKatwijk$c1979
=300  \\$a226 pages
=600  \0$aAristoteles$d384-322 BC$1http://www.wikidata.org/entity/Q868$94906
=648  \0$aClassical Antiquity (8th Century BC-6th Century AD)$1http://www.wikidata.org/entity/Q486761$921435
=648  \0$a20th Century (1901-2000)$1http://www.wikidata.org/entity/Q6927$920936
=650  \0$aPhilosophy$1http://www.wikidata.org/entity/Q5891$92357
=942  \\$cBOO
=952  \\$00$10$2ddc$40$6PHI_ARIS_B_DUSS$70$8PHI$924033$aORPH$bORPH$cKM12_3_2$d2024-11-18$l0$oPHI ARIS b DUSS$p20143916$r2024-11-18 11:21:44$w2024-11-18$yBOO
=999  \\$d22366

