=LDR  00900nam a22002057i 4500
=001  22367
=005  20251008124553.0
=008  921201s1992\\\\xxk||||||\\\\|||||\|eng|c
=041  \7$aeng
=100  1\$aWhite, Michael J.$4aut
=245  14$aThe continuous and the discrete.$bAncient Physical Theories from a Contemporary Perspective.
=260  \\$aOxford$bClarendon$c1992
=300  \\$axiv, 345 pages
=648  \0$aClassical Antiquity (8th Century BC-6th Century AD)$1http://www.wikidata.org/entity/Q486761$921435
=648  \0$a20th Century (1901-2000)$1http://www.wikidata.org/entity/Q6927$920936
=650  \0$aPhilosophy$1http://www.wikidata.org/entity/Q5891$92357
=650  \0$aPhysics$1http://www.wikidata.org/entity/Q413$927770
=942  \\$cBOO
=952  \\$00$10$2ddc$40$6PHI_WHIT_A$70$8PHI$924034$aORPH$bORPH$cKM12_3_2$d2024-11-18$l0$oPHI WHIT a$p20143914$r2024-11-18 11:34:17$w2024-11-18$yBOO
=999  \\$d22367

