=LDR  01369nam a22002537a 4500
=001  22368
=008  241118s1879\\\\||||||||\||||\00|\0\fre\d
=245  \\$aLa propagande des Encyclopédistes Français au Pays de Liège (1750-1790) - Essai historique sur La propagande des encyclopédistes Français en Belgique dans la seconde moitié du XVIIIme siècle
=260  \\$aBrussels$bAcadémie royale de Belgique$c1879
=300  \\$a235-168 pages
=490  \\$aMémoires couronnés en autres Mémoires$vxxx
=648  \0$a18th Century (1701-1800)$1http://www.wikidata.org/entity/Q7015$920899
=648  \0$a19th Century (1801-1900)$1http://www.wikidata.org/entity/Q6955$920935
=650  \0$aPhilosophy$1http://www.wikidata.org/entity/Q5891$92357
=650  \0$aCultural history$1http://www.wikidata.org/entity/Q858517$922395
=651  \0$aBelgium$1http://www.wikidata.org/entity/Q31$920881
=651  \0$aWallonia (Belgium)$1http://www.wikidata.org/entity/Q231$923107
=651  \0$aLiège (Belgium)$1http://www.wikidata.org/entity/Q3992$9240
=700  \\$aFranchotte, Henri$4aut$938205
=700  \\$aKüntziger, J.$4aut$938206
=856  \\$uhttps://www.persee.fr/doc/marb_0770-8459_1880_num_30_1_2497
=942  \\$cBOO
=952  \\$00$10$2ddc$40$6PHI_FRAN_A$70$8PHI$924035$aORPH$bORPH$cKM12_3_2$d2024-11-18$l0$oPHI FRAN a$p20143915$r2024-11-18 11:54:12$w2024-11-18$yBOO
=999  \\$d22368

