=LDR  01079nam a2200217 a 4500
=001  22369
=005  20250925143311.0
=008  770101s1972\\\\fr\\\\\||\\\\||||\||fre||
=100  1\$aBadawi, ʻAbd al-Raḥmān,$d1917-2002
=245  10$aHistoire de la philosophie en Islam$cI Les Philosophes Théologiens - II Les Philosophes Purs
=260  \\$aParis$bVrin$c1972
=300  \\$a2 vols (886 pages)
=490  0\$aÉtudes de philosophie médiévale$v60
=648  \0$a20th Century (1901-2000)$1http://www.wikidata.org/entity/Q6927$920936
=650  \0$aPhilosophy$1http://www.wikidata.org/entity/Q5891$92357
=650  \0$aIslam$1http://www.wikidata.org/entity/Q432$93059
=650  \0$aCultural history$1http://www.wikidata.org/entity/Q858517$922395
=942  \\$cBOO
=952  \\$00$10$2ddc$3vol.1$40$6PHI_BADA_A$70$8PHI$924036$aORPH$bORPH$cKM12_3_2$d2024-11-18$l0$oPHI BADA a$p20143917$r2024-11-18 12:33:55$w2024-11-18$yBOO
=952  \\$00$10$2ddc$3vol.2$40$6PHI_BADA_A$70$8PHI$924037$aORPH$bORPH$cKM12_3_2$d2024-11-18$l0$oPHI BADA a$p20143918$r2024-11-18 12:34:24$w2024-11-18$yBOO
=999  \\$d22369

