=LDR  01111nam a22002177a 4500
=001  22370
=008  241118b\\\\\\\\||||||||\||||\00|\0dfre\d
=100  \\$aNamèche, Alexandre Joseph$d1811-1893$1http://www.wikidata.org/entity/Q2528019$4aut$938207
=245  \\$aMémoire sur la vie et les écritures de Jean-Louis Vives,
=260  \\$aBrussels$bAcadémie royale de Belgique$c18xx
=300  \\$a127 pages
=490  \\$aMémoires couronnés en autres Mémoires$vxv
=600  \0$aVivès, Jean Louis$d1492-1540$1http://www.wikidata.org/entity/Q316357$938208
=648  \0$a19th Century (1801-1900)$1http://www.wikidata.org/entity/Q6955$920935
=648  \0$a16th Century (1501-1600)$1http://www.wikidata.org/entity/Q7017$920944
=650  \0$aPhilosophy$1http://www.wikidata.org/entity/Q5891$92357
=650  \0$aTheology$1http://www.wikidata.org/entity/Q34178$93009
=650  \0$aBiography$1http://www.wikidata.org/entity/Q36279$91927
=942  \\$cBOO
=952  \\$00$10$2ddc$40$6PHI_VIVE_B_NAMÈ$70$8PHI$924038$aORPH$bORPH$cKM12_3_2$d2024-11-18$l0$oPHI VIVE b NAMÈ$p20143919$r2024-11-18 14:57:59$w2024-11-18$yBOO
=999  \\$d22370

