=LDR  01212nam a2200253 a 4500
=001  22371
=005  20250925143311.0
=008  970601s1935\\\\be\\\\\|r\\\\|000\|bfre|d
=041  \\$afre
=100  1\$aNève de Mévergnies, Paul,$d1882-1959
=245  10$aJean-Baptiste Van Helmont :$cphilosophe par le feu
=260  \\$aLiège$bFaculté de philosophie et lettres,$c1935
=300  \\$a232 pages
=490  0\$aBibliothèque de la Faculté de philosophie et lettres de l'Université de Liège$v69
=600  \0$aHelmont, Jan Baptist van $d1579-1644$1http://www.wikidata.org/entity/Q294169$938209
=648  \0$a17th Century (1601-1700)$1http://www.wikidata.org/entity/Q7016$920923
=648  \0$a20th Century (1901-2000)$1http://www.wikidata.org/entity/Q6927$920936
=650  \0$aPhilosophy$1http://www.wikidata.org/entity/Q5891$92357
=650  \0$aBiography$1http://www.wikidata.org/entity/Q36279$91927
=650  \0$aMedicine$1http://www.wikidata.org/entity/Q11190$921959
=651  \0$aBelgium$1http://www.wikidata.org/entity/Q31$920881
=942  \\$cBOO
=952  \\$00$10$2ddc$40$6BIO_HELM_CD$70$8BIO$924039$aORPH$bORPH$cKTS1_P$d2024-11-18$l0$oBIO HELM c-->d$p20143920$r2024-11-18 15:22:12$w2024-11-18$yBOO
=999  \\$d22371

