=LDR  01239nam a22002657i 4500
=001  22372
=008  170320s2015\\\\be\||||||\\\\|||||\deng|c
=020  \\$a9789462700468
=040  \\$bita
=041  \7$aeng$2ISO-639-2
=100  \\$aBakker, Paul J.J.M.$4edt$938211
=245  00$aAverroes' natural philosophy and its reception in the Latin west
=260  \\$aLeuven$bLeuven University Press$c2015
=300  \\$axiv, 249 pages
=500  \\$aAverroes was an Arab philosopher, Islamic theologian, jurist, mathematician and physician
=600  \0$aAverroes$d1126-1198$1http://www.wikidata.org/entity/Q39837$938210
=648  \0$aMiddle Ages (500-1400)$1http://www.wikidata.org/entity/Q12554$920964
=648  \0$a21st Century (2001-2100)$1http://www.wikidata.org/entity/Q6939$920812
=650  \0$aPhilosophy$1http://www.wikidata.org/entity/Q5891$92357
=650  \0$aPhilosopher$1http://www.wikidata.org/entity/Q4964182$926399
=650  \0$aBiography$1http://www.wikidata.org/entity/Q36279$91927
=650  \0$aIslam$1http://www.wikidata.org/entity/Q432$93059
=942  \\$cBOO
=952  \\$00$10$2ddc$40$6PHI_VERR_B_BAKK$70$8PHI$924040$aORPH$bORPH$cKM12_3_2$d2024-11-18$l0$oPHI VERR b BAKK$p20143921$r2024-11-18 15:42:41$w2024-11-18$yBOO
=999  \\$d22372

