=LDR  00897nam a22001937a 4500
=001  22373
=008  241118s2004\\\\||||||||\||||\00|\0\eng\d
=041  \\$aeng
=100  \\$aBradshaw, David$4aut$938212
=245  \\$aAristotle East and West.$bMetaphysics and the Division of Christendom
=260  \\$aCambridge$bCambridge University Press$c2004
=300  \\$axiv-297 pages
=600  \0$aAristoteles$d384-322 BC$1http://www.wikidata.org/entity/Q868$94906
=648  \0$aClassical Antiquity (8th Century BC-6th Century AD)$1http://www.wikidata.org/entity/Q486761$921435
=648  \0$a21st Century (2001-2100)$1http://www.wikidata.org/entity/Q6939$920812
=650  \0$aPhilosophy$1http://www.wikidata.org/entity/Q5891$92357
=942  \\$cBOO
=952  \\$00$10$2ddc$40$6PHI_ARIS_B_BRAD$70$8PHI$924041$aORPH$bORPH$cKM12_3_2$d2024-11-18$l0$oPHI ARIS b BRAD$p20143922$r2024-11-18 16:01:56$w2024-11-18$yBOO
=999  \\$d22373

