=LDR  00898aam a2200217   4500
=001  22374
=005  20250925143311.0
=041  \\$aeng
=100  \\$aBarnes, Jonathan$4edt$916033
=245  \\$aThe Cambridge Companion to Aristotle
=250  \\$a1st ed.
=260  \\$aCambridge$bCambridge University Press$c1995
=300  \\$a404 pages
=490  \\$aCambridge Companions
=600  \0$aAristoteles$d384-322 BC$1http://www.wikidata.org/entity/Q868$94906
=648  \0$a20th Century (1901-2000)$1http://www.wikidata.org/entity/Q6927$920936
=648  \0$aClassical Antiquity (8th Century BC-6th Century AD)$1http://www.wikidata.org/entity/Q486761$921435
=650  \0$aPhilosophy$1http://www.wikidata.org/entity/Q5891$92357
=942  \\$cBOO
=952  \\$00$10$2ddc$40$6PHI_ARIS_B_BARN$70$8PHI$924042$aORPH$bORPH$cKM12_3_2$d2024-11-18$l0$oPHI ARIS b BARN$p20143923$r2024-11-18 16:14:30$w2024-11-18$yBOO
=999  \\$d22374

