=LDR  00882nam a22002177a 4500
=001  22375
=005  20250925143311.0
=008  241118s1967\\\\||||||||\||||\00|\0\ger\d
=041  \\$ager
=100  \\$aBonitz, Hermann$4aut$938213
=245  \\$aÜber die Kategorien des Aristoteles
=250  \\$aSonderausgabe
=260  \\$aDarmstadt$bWissenschaftliche Buchgesellschaft$c1967
=300  \\$a59 pages
=490  \\$aLibelli$vBand CLXXXVII
=648  \0$aClassical Antiquity (8th Century BC-6th Century AD)$1http://www.wikidata.org/entity/Q486761$921435
=648  \0$a20th Century (1901-2000)$1http://www.wikidata.org/entity/Q6927$920936
=650  \0$aPhilosophy$1http://www.wikidata.org/entity/Q5891$92357
=942  \\$cBOO
=952  \\$00$10$2ddc$40$6PHI_ARIS_B_BONI$70$8PHI$924043$aORPH$bORPH$cKM12_3_2$d2024-11-18$l0$oPHI ARIS b BONI$p20143924$r2024-11-18 16:24:51$w2024-11-18$yBOO
=999  \\$d22375

