=LDR  01170cam a2200253 a 4500
=001  22376
=008  900405s1989\\\\fr\\\\\||b\\\|001\||fre||
=020  \\$a9782711609987
=041  \\$afre
=100  1\$aDomenech, Jacques,$d1953-
=245  12$aL'éthique des Lumières :$bles fondements de la morale dans la philosophie française du XVIII siècle$cpar Jacques Domenech.
=260  \\$aParis$bVrin$c1989
=300  \\$a272 pages
=490  0\$aBibliothèque d'histoire de la philosophie
=504  \\$aIncludes bibliographical references (pages 263-269) and index.
=648  \0$a18th Century (1701-1800)$1http://www.wikidata.org/entity/Q7015$920899
=650  \0$aEnlightenment$1http://www.wikidata.org/entity/Q12539$94532
=650  \0$aPhilosophy$1http://www.wikidata.org/entity/Q5891$92357
=650  \0$aEthics$1http://www.wikidata.org/entity/Q9465$924679
=650  \0$aCultural history$1http://www.wikidata.org/entity/Q858517$922395
=651  \0$aFrance$1http://www.wikidata.org/entity/Q142$9131
=942  \\$cBOO
=952  \\$00$10$2ddc$40$6PHI_DOME_A$70$8PHI$924048$aORPH$bORPH$cKM12_3_2$d2024-11-19$l0$oPHI DOME a$p20143925$r2024-11-19 10:46:39$w2024-11-19$yBOO
=999  \\$d22376

