=LDR  00972nam a22002417i 4500
=001  22377
=005  20250925143311.0
=008  930624s1939\\\\fr\||||||\\\\|||||\|||||c
=041  \7$afre
=100  1\$aGilson, Étienne$4aut
=245  \\$aDante et la philosophie
=260  \\$aParis$bVrin$c1939
=300  \\$ax-341 pages
=490  \\$aEtudes des Philosophie Medievale$vxxviii
=600  \0$aDante Alighieri$d1265-1321$1http://www.wikidata.org/entity/Q1067$910378
=648  \0$aMiddle Ages (500-1400)$1http://www.wikidata.org/entity/Q12554$920964
=648  \0$a20th Century (1901-2000)$1http://www.wikidata.org/entity/Q6927$920936
=650  \0$aPhilosophy$1http://www.wikidata.org/entity/Q5891$92357
=650  \0$aLiterature$1http://www.wikidata.org/entity/Q8242$94439
=942  \\$cBOO
=952  \\$00$10$2ddc$40$6LIT_DANT_B_GILS$70$8LIT$924049$aORPH$bORPH$cKM12_2_H$d2024-11-19$l0$oLIT DANT b GILS$p20143926$r2024-11-19 10:57:59$w2024-11-19$yBOO
=982  \1$6z01$an
=999  \\$d22377

