=LDR  00802nam a2200217 cb4500
=001  22378
=005  20250925143311.0
=008  931207s1932\\\\xx\\\\\\\||||\00|||\fre\d
=041  0\$afre
=100  1\$aLe Masson, Robert$4aut
=245  10$aPhilosophie des nombres
=264  \1$aParis$bDesclée$c1932
=300  \\$axii-82 pages
=490  1\$aQuestions disputées$v7
=648  \0$a20th Century (1901-2000)$1http://www.wikidata.org/entity/Q6927$920936
=650  \0$aMathematics$1http://www.wikidata.org/entity/Q395$922612
=650  \0$aPhilosophy$1http://www.wikidata.org/entity/Q5891$92357
=700  \\$aMaritain, Jacques$4win$939213
=942  \\$cBOO
=952  \\$00$10$2ddc$40$6PHI_MASS_A$70$8PHI$924050$aORPH$bORPH$cKM12_3_2$d2024-11-19$l0$oPHI MASS a$p20143927$r2024-11-19 11:12:35$w2024-11-19$yBOO
=999  \\$d22378

