=LDR  00852nam a22002291i 4500
=001  22379
=005  20250925143311.0
=008  050310s1955\\\\fr\||||||\\\\|||||\|mul|c
=041  \7$afre$aheb
=100  1\$aMunk, Salomon$4aut
=245  10$aMelanges de philosophie juive et arabe
=250  \\$aNouv. ed
=260  \\$aParis$bVrin$c1955
=300  \\$aviii-511 pages
=648  \0$a20th Century (1901-2000)$1http://www.wikidata.org/entity/Q6927$920936
=650  \0$aPhilosophy$1http://www.wikidata.org/entity/Q5891$92357
=650  \0$aJudaism$1http://www.wikidata.org/entity/Q9268$926210
=650  \0$aArab culture$1http://www.wikidata.org/entity/Q3309134$939214
=942  \\$cBOO
=952  \\$00$10$2ddc$40$6PHI_MUNK_A$70$8PHI$924051$aORPH$bORPH$cKM12_3_2$d2024-11-19$l0$oPHI MUNK a$p20143928$r2024-11-19 11:34:46$w2024-11-19$yBOO
=982  \1$6z01$an
=999  \\$d22379

