=LDR  01389nam a2200325 cb4500
=001  22380
=005  20251003085500.0
=008  011105s2001\\\\xx\g|||\\c|||\00|||\eng\d
=041  0\$aeng
=082  0\$a016.78171$221
=084  \\$aLP 10300$0(DE-625)105880:$2rvk
=084  \\$a9,2$2ssgn
=100  1\$aObermayr, Anton$d1740-1789$4aut
=240  10$aCatalogus musicalium et instrumentorum ad chorum Lambacensem pertinentium
=245  10$aThe Lambach thematic catalogue (1768)$bA facsimile ed. with annotations and commentary
=246  13$aCatalogue of music and of instruments relating to the choir of Lambach
=264  \\$aHillsdale$bPendragon Press$c2001
=300  \\$ax-509 pages
=490  1\$aThematic catalogues$v27
=610  24$aBenediktinerstift Lambach
=610  27$aStiftsbibliothek Lambach$9rswk-swf
=648  \0$a18th Century (1701-1800)$1http://www.wikidata.org/entity/Q7015$920899
=650  \0$aManuscript$92275
=650  00$aCatalogue$1http://www.wikidata.org/entity/Q2352616$1https://www.wikidata.org/wiki/Q6941730$921484
=650  00$aLibrary$1http://www.wikidata.org/entity/Q7075$94229
=651  \0$aLambach (Austria)$939217
=700  1\$aSherman, Charles H.$4edt
=942  \\$cBOO
=952  \\$00$10$2ddc$40$6BIB_4_000000000000000_AT_LAM$70$8BIB$924115$aORPH$bORPH$cKTS0$d2024-11-19$eKoopman$l0$oBIB4 AT.LAM$p20126056$r2024-11-19 15:35:12$w2024-11-19$yBOO
=999  \\$d22380

