=LDR  02744nam a2200349 c 4500
=001  22387
=005  20251003085500.0
=008  240927s2024\\\\xx\gl||\\||||\00|||\ger\d
=020  \\$a3765103004
=020  \\$a9783765103001
=020  \\$a3765103004
=041  0\$ager
=245  10$aThematisches Verzeichnis der musikalischen Werke von Wolfgang Amadé Mozart$bKöchel-Verzeichnis (KV)
=246  13$aKöchel-Verzeichnis 2024
=250  \\$aNew ed.
=264  \1$aWiesbaden$bBreitkopf & Härtel$c2024
=300  \\$aCXXV-1263 pages$bmusic examples
=500  \\$aThematic Catalog of the Musical Works of W. A. Mozart 
=520  \\$aLudwig Ritter von Köchel presented the first edition of a chronological catalog of Wolfgang Amadé Mozart’s works with Breitkopf & Härtel in 1862 – a milestone in music research. In order to present the rapidly growing knowledge of all aspects of Mozart’s oeuvre, several new editions were subsequently published. It was believed that new findings on chronology should also be reflected in new work numbers. The resulting number construct with countless cross-references became increasingly complicated and ultimately failed to gain acceptance either in Mozart research or in musical practice.

The new edition, which appears for the first time under the name Köchel-Verzeichnis, goes back to the original numbering without maintaining the claim to chronological order. A clear concordance provides clarity. The long-standing collaboration between Neal Zaslaw and the International Mozarteum Foundation guarantees a catalog of works that is up to date and offers a reliable overview of W. A. Mozart’s oeuvre.
=546  \\$aVorwort und "Hinweise zu Anlage, Inhalt und Benutzung" in Deutsch und Englisch; eigentliches Verzeichnis deutsch
=590  \\$abearbeitet von Neal Zaslaw ; im Auftrag der Internationalen Stiftung Mozarteum vorgelegt von Ulrich Leisinger ; unter Mitwirkung von Miriam Pfadt und Ioana Genata
=600  \0$aMozart, Wolfgang Amadeus$d1756-1791$1http://www.wikidata.org/entity/Q254$95341
=650  \0$aCatalogue$1http://www.wikidata.org/entity/Q2352616$1http://www.wikidata.org/entity/Q6941730$921484
=700  \\$aKöchel, Ludwig von$d1800-1877$1http://www.wikidata.org/entity/Q78529$4aut$912089
=700  \\$aZaslaw, Neal$d-1939$4edt$914168
=700  \\$aLeisinger, Ulrich$1http://www.wikidata.org/entity/Q23060690$d1964-$4aut$99268
=700  1\$aPfadt, Miriam$4ctb$939263
=700  1\$aGeanta, Ioana$d1982-$4ctb$939264
=710  2\$aInternationale Stiftung Mozarteum$4edt
=942  \\$cBOO
=952  \\$00$10$2ddc$40$6BIO_MOZA1_C$70$8BIO$924718$aORPH$bORPH$cKTS1_P$d2024-10-01$l1$oBIO MOZA1 c$p20143950$q2025-09-15$r2025-03-21 11:21:23$s2025-03-21$w2024-11-27$yBOO
=999  \\$d22387

