=LDR  01315nam a2200253 a 4500
=001  22389
=008  861114s1986\\\\gw\g\\\\\b\\\\001\0\ger\\
=100  1\$aKrombach, Gabriela.$4aut
=245  14$aDie Vertonungen liturgischer Sonntagsoffertorien am Wiener Hof.$bEin Beitrag zur Geschichte der katholischen Kirchenmusik im 18. und 19. Jahrhundert
=260  \\$aMünchen$bE. Katzbichler$c1986
=300  \\$a380 pages
=490  \\$aStudien zur Landes- und Sozialgeschichte der Musik$vBand 7
=500  \\$a"Thematischer Katalog": p. 263-374.
=500  \\$aIncludes index.
=504  \\$aBibliography: p. 165-176.
=648  \0$a18th Century (1701-1800)$1http://www.wikidata.org/entity/Q7015$920899
=648  \0$a19th Century (1801-1900)$1http://www.wikidata.org/entity/Q6955$920935
=650  \0$aOffertory$1http://www.wikidata.org/entity/Q21653515$926758
=650  \0$aChurch music$1http://www.wikidata.org/entity/Q8812109$1http://www.wikidata.org/entity/Q1065742$92283
=650  \0$aCourt$1http://www.wikidata.org/entity/Q1134237$922191
=651  \0$aVienna (Austria)$1http://www.wikidata.org/entity/Q1741$920937
=942  \\$cBOO
=952  \\$00$10$2ddc$40$6TOP_AT_VIE_5_000000000000000$70$8TOP$924720$aORPH$bORPH$cKTS0$d2024-12-03$eKoopman$i28D7$l0$oTOP AT.VIE 5$p20123602$r2024-12-03 16:51:21$w2024-12-03$yBOO
=999  \\$d22389

