=LDR  01908nam a22002897a 4500
=001  22390
=005  20251001162235.0
=008  241209s2018\\\\||||||||\||||\00|\0\eng\d
=020  \\$a9781912248285
=041  \\$aeng
=100  \\$1http://www.wikidata.org/entity/Q20740852$4aut$aFisher, Mark$d1968-2017$926401
=245  \\$aK-Punk
=260  \\$aLondon$bRepeater$c2018
=300  \\$a752-[4] pages
=520  \\$aThis comprehensive collection brings together the work of acclaimed blogger, writer, political activist and lecturer Mark Fisher (aka k-punk). Covering the period 2004 - 2016, the collection will include some of the best writings from his seminal blog k-punk; a selection of his brilliantly insightful film, television and music reviews; his key writings on politics, activism, precarity, hauntology, mental health and popular modernism for numerous websites and magazines; his final unfinished introduction to his planned work on "Acid Communism"; and a number of important interviews from the last decade.
=590  \\$aThe Collected and Unpublished Writings of Mark Fisher (2004-2016)
=648  \0$1http://www.wikidata.org/entity/Q6939$a21st Century (2001-2100)$920812
=650  \0$1http://www.wikidata.org/entity/Q8242$aLiterature$94439
=650  \0$1http://www.wikidata.org/entity/Q5891$aPhilosophy$92357
=650  \0$1http://www.wikidata.org/entity/Q35986$aAesthetics$921494
=650  \0$aMusic criticism$1http://www.wikidata.org/entity/Q11748889$921598
=651  \0$aUnited Kingdom$1http://www.wikidata.org/entity/Q21$1http://www.wikidata.org/entity/Q145$9273
=700  \\$aAmbrose, Darren$4edt$939275
=700  \\$aReynolds, Simon$d1963-$1http://www.wikidata.org/entity/Q202676$4win$939276
=942  \\$cBOO
=952  \\$00$10$2ddc$40$6PHI_FISH_A$70$8PHI$924949$aORPH$bORPH$cKM12_3_2$d2024-12-09$g43.50$l1$oPHI FISH a$p20132351$r2025-02-13 17:00:28$s2024-12-09$w2024-12-09$yBOO
=999  \\$d22390

