=LDR  01712nam a2200253 cc4500
=001  22405
=008  110326r19701884\\\\\\\\\||||\001||cfre\d
=041  \\$afre
=100  \\$aCampardon, Émile$d1837-1915$1http://www.wikidata.org/entity/Q1960293$4aut$922309
=245  \\$aL' Académie royale de musique au XVIIIe siècle :$bDocuments inédits découverts aux archives nationales$nvols. 1-2
=250  \\$aRéimpr. de l'éd. de Paris, 1884
=260  \\$aGenève$bSlatkine Repr.$c1970
=300  \\$a2 vols. in 1 (vii-413+409 pages)
=500  \\$aThis book presents previously unpublished documents on the Académie Royale de Musique, the Paris opera house, in the eighteenth century. The documents, discovered in the Archives Nationales, include letters, contracts, programmes and other documents on the artists, musicians and directors of the opera.
=610  \0$aOpéra (Paris, France)$1http://www.wikidata.org/entity/Q283339$920898
=648  \0$a18th Century (1701-1800)$1http://www.wikidata.org/entity/Q7015$920899
=650  \0$aMusic history$1http://www.wikidata.org/entity/Q846047$921373
=650  \0$aInstitution$1http://www.wikidata.org/entity/Q178706$94241
=650  \0$aBiography$1http://www.wikidata.org/entity/Q36279$91927
=651  \0$aParis (France)$1http://www.wikidata.org/entity/Q90$9160
=942  \\$cBOO
=952  \\$00$10$2ddc$3vol.1$40$6TOP_FR_PAR_5_000000000000000$70$8TOP$924964$aORPH$bORPH$cKTS0$d2024-12-12$eKoopman$i31E16-I$l0$oTOP FR.PAR 5$p20123216$r2024-12-12 11:15:53$w2024-12-12$yBOO
=952  \\$00$10$2ddc$3vol.2$40$6TOP_FR_PAR_5_000000000000000$70$8TOP$926824$aORPH$bORPH$cKTS0$d2024-12-12$eKoopman$i31E16-II$l0$oTOP FR.PAR 5$p20123215$r2025-06-18 09:26:42$w2024-12-12$yBOO
=999  \\$d22405

