=LDR  00867nam a22002177a 4500
=001  22413
=008  241217s1991\\\\|||a||||\||||\00|\0\ger\d
=020  \\$a3928024051
=041  \\$ager
=100  \\$aKörner, Wolfram$4aut$939327
=245  \\$aDies Bildnis ist bezaubernd schön.$bMusikalisches im Exlibris
=260  \\$aBerlin$bedition q$c1991
=300  \\$a130 + 6 pages$bill.
=650  \0$aCollecting$1http://www.wikidata.org/entity/Q208165$92117
=650  \0$aLibrary$1http://www.wikidata.org/entity/Q7075$94229
=650  \0$aFine art$1http://www.wikidata.org/entity/Q219625$921579
=700  \\$aScholz, Ingrid$4aut$939328
=700  \\$aScholz, Albrecht$4aut$939329
=942  \\$cBOO
=952  \\$00$10$2ddc$40$6BIB_3_000000000000000_KORN$70$8BIB$924974$aORPH$bORPH$cKTS0$d2024-12-17$eKoopman$i31F07$l0$oBIB3 KORN$p20123167$r2024-12-17 16:16:25$w2024-12-17$yBOO
=999  \\$d22413

