=LDR  01564nam a2200301 a 4500
=001  22416
=005  20251003085500.0
=008  920721s1991\\\\gw\a\\\\\c\\\\000\0\ger\\
=020  \\$a3527178279
=040  \\$aOI
=041  \\$ager
=245  10$aallzeit ein buch.$bDie Bibliothek Wolfgang Amadeus Mozarts$cUlrich Konrad und Martin Staehelin
=260  \\$aWeinheim$bVCH, Acta humaniora$c1991
=300  \\$a146 pages$billustrations$c26 cm
=490  \\$aAustellungskataloge der Herzog August Bibliothek$v66
=500  \\$a"Ausstellung im Malerbuchkabinett der Bibliothea Augusta vom 5. Dezember 1991 bis zum 15 März 1992"--Verso t.p.
=600  \0$aMozart, Wolfgang Amadeus$d1756-1791$1http://www.wikidata.org/entity/Q254$95341
=610  \0$aHerzog August Bibliothek (Wolfenbüttel, Germany)$1http://www.wikidata.org/entity/Q663820$91683
=648  \0$a18th Century (1701-1800)$1http://www.wikidata.org/entity/Q7015$920899
=650  \0$aComposer$1http://www.wikidata.org/entity/Q36834$93625
=650  \0$aLibrary$1http://www.wikidata.org/entity/Q7075$94229
=650  \0$aCatalogue$1http://www.wikidata.org/entity/Q2352616$1http://www.wikidata.org/entity/Q6941730$921484
=651  \0$aVienna (Austria)$1http://www.wikidata.org/entity/Q1741$920937
=700  \\$aKonrad, Ulrich$d1957-$1http://www.wikidata.org/entity/Q2476202$4aut$939341
=700  \\$aStaehelin, Martin$4aut$916205
=942  \\$cBOO
=952  \\$00$10$2ddc$40$6BIO_MOZA1_B$70$8BIO$924980$aORPH$bORPH$cKTS1_P$d2024-10-01$g12.50$l0$oBIO MOZA1 b$p20132362$r2024-12-18 15:37:58$w2024-12-18$yBOO
=999  \\$d22416

