=LDR  02072nam a22002537a 4500
=001  22417
=008  241219r19771784||||||||\||||\00|\0\ger\d
=020  \\$a3487058995
=041  \\$ager
=100  \\$aEschstruth, Hans Adolf$d1756-1792$1http://www.wikidata.org/entity/Q1578438$4aut$939343
=245  \\$aMusicalische Bibliothek$b[für Künstler und Liebhaber]$nvols. 1-2/2
=260  \\$aHildesheim$bOlms$c1977
=300  \\$a312 pages
=500  \\$afacsimile reprint of the 1784/85 edition
=500  \\$a"Eschstruths Leidenschaft war die Musik, der er bis zu seinem Tode nahezu alle seine nicht beruflich gebundene Zeit widmete. Seine musikalische Ausbildung erfolgte vermutlich in Schmalkalden im Umfeld von Johann Gottfried Vierling, auch dürfte ihn der Marburger „Universitätsmusicus“ und Konzertmeister Bernhard Hupfeld (1717–1796) beeinflusst haben. So wurde er während seines Aufenthalts in Marburg zum Herausgeber und Verfasser zahlreicher musikwissenschaftlicher und musikkritischer Aufsätze; seine ungewöhnliche Orthographie, besonders in der 1784/85 erschienenen Musikalischen Bibliothek für Künstler und Liebhaber, demonstrierte eine Neigung zum Exzentriker. Auch schrieb er poetische Gedichte. Mit besonderem Eifer versuchte er sich als Komponist, insbesondere von Liedern, jedoch mit wenig künstlerischem Geschick und ebenso wenig Resonanz beim Publikum". 
[wikipedia] 
=534  \\$cvol. 1: Marburg und Giesen: Krieger, 1784
vol. 2: [in allen grossen Buchhandlungen Deutschlands] 1785.
=648  \0$a18th Century (1701-1800)$1http://www.wikidata.org/entity/Q7015$920899
=650  \0$aPeriodical$1http://www.wikidata.org/entity/Q1002697$921106
=650  \0$aMusic history$1http://www.wikidata.org/entity/Q846047$921373
=650  \0$aMusic criticism$1http://www.wikidata.org/entity/Q11748889$921598
=651  \0$aGermany$1http://www.wikidata.org/entity/Q183$9155
=942  \\$cBOO
=952  \\$00$10$2ddc$40$6TRE_ESCH$70$8TRE$924981$aORPH$bORPH$cKTS1_H$d2024-12-19$eKoopman$i13H15$l0$oTRE ESCH$p20124974$r2024-12-19 10:32:18$w2024-12-19$yBOO
=999  \\$d22417

