=LDR  01133nam a22002297a 4500
=001  22418
=008  241219s1996\\\\|||a||||\||||\00|\0\mul\d
=041  \\$adut$aeng
=100  \\$aDe Schepper, Marcus$1http://www.wikidata.org/entity/Q113775756$4edt$910407
=245  \\$aEx officina Plantiniana Moretorum: $bStudies over het drukkersgeslacht Moretus
=260  \\$aAntwerp$bVereeniging der Antwerpsche Bibliophielen$c1996
=300  \\$a481 pages$bill.
=590  \\$aDit boek vormt tevens jaargang 74 (1996) van De Gulden Passer
=648  \0$a16th Century (1501-1600)$1http://www.wikidata.org/entity/Q7017$920944
=648  \0$a17th Century (1601-1700)$1http://www.wikidata.org/entity/Q7016$920923
=650  \0$aPrinting$1http://www.wikidata.org/entity/Q11034$921936
=650  \0$aPublishing$1http://www.wikidata.org/entity/Q3972943$93049
=651  \0$aAntwerp (Belgium)$1http://www.wikidata.org/entity/Q12892$920974
=700  \\$aDe Nave, Francine$4edt$939348
=942  \\$cBOO
=952  \\$00$10$2ddc$40$70$8BIB$924982$aORPH$bORPH$cKTS0$d2024-12-19$eKoopman$iTS Gulden Passer 1996$l0$p20129490$r2024-12-19 15:17:14$w2024-12-19$yBOO
=999  \\$d22418

