=LDR  01332nam a2200193 c 4500
=001  22432
=008  940914s1987\\\\xx\ago||\||||\10|||dfre\d
=041  0\$afre
=245  10$aLuigi Nono :$cFestival d'Automne à Paris 1987
=260  \\$aParis$bContrechamps$c1987
=300  \\$a223 pages
=500  \\$aPublished on the occasion of concerts given at the Palais de Chaillot and Théâtre du Châtelet in September and October 1987 as part of the Festival d'Automne. Texts by Philippe Albera, Edmond Jabes, Istvan Balazs, Luigi Nono, Massimo Mila, Ivanka Stoianova, Hermann Scherchen, Karl-Amadeus Hartman, Jurg Stenzl, Doris Döpke, Giovanni Morelli, Michele Bertaggia, Marco Biraghi, Hans-Peter Haller, Claudio Abbado, Renzo Piano, Jurg Stenzl, Rolf Libermann. Illustrated with photographs, diagrams and reproductions of scores. Catalog of works and writings, bibliography and discography.
=600  \0$aNono, Luigi$d1924-1990$1http://www.wikidata.org/entity/Q160451$917010
=650  \0$aFestival book$1http://www.wikidata.org/entity/Q17590416$922319
=651  \0$aParis (France)$1http://www.wikidata.org/entity/Q90$9160
=710  \\$aFestival d'automne à Paris$939399
=942  \\$cBOO
=952  \\$00$10$2ddc$40$6BIO_NONO_B$70$8BIO$924997$aORPH$bORPH$cKTS1_P$d2025-01-09$l0$oBIO NONO b$p20143810$r2025-01-09 15:22:04$w2025-01-09$yBOO
=999  \\$d22432

