=LDR  01172nam a22002657a 4500
=001  22439
=005  20250925143311.0
=008  250114s1925\\\\|||fb|||\||||\00|\0\ger\d
=041  \\$ager
=245  \\$aLübeck.$bEin Wegweiser durch die Freie u. Hansestadt.
=250  \\$a6th ed.
=260  \\$aLübeck$bRahtgens$cs.d
=300  \\$a38-[10] pages$bfolded page
=590  \\$aMit 12 Original-holzschnitten
=610  \0$aHanseatic League$1http://www.wikidata.org/entity/Q42908$923258
=648  \0$a20th Century (1901-2000)$1http://www.wikidata.org/entity/Q6927$920936
=650  \0$aTravel$1http://www.wikidata.org/entity/Q61509$94440
=650  \0$aArchitecture$1http://www.wikidata.org/entity/Q12271$93185
=650  \0$aTourist Guide$1http://www.wikidata.org/entity/Q1039099$924545
=650  \0$aFine art$1http://www.wikidata.org/entity/Q219625$921579
=651  \0$aLübeck (Germany)$1http://www.wikidata.org/entity/Q2843$9125
=700  \\$aJohannes, A$4ill$939405
=942  \\$cBOO
=952  \\$00$10$2ddc$40$6KTS_1_000000000000000_C1_70$70$8RAR$925007$aORPH$bORPH$cKTS1_C1$d2025-01-14$eKoopman$i29C21_1$l0$oKTS1 C1.70$p20143987$r2025-01-14 17:06:12$w2025-01-14$yBOO
=999  \\$d22439

