=LDR  01595nam a22002057a 4500
=001  22447
=008  250120b\\\\\\\\|||oa|||\||||\00|\0|ger\d
=041  \\$ager
=245  \\$aSt. Georgskirche Ernen
=260  \\$as.l.$bs.n.$cs.d.
=300  \\$a16 pages
=500  \\$aThe parish church in Ernen was built between 1510 and 1518 to plans by Ulrich Ruffiner. It was renovated and remodeled by Antonio Croci in a Neo-gothic style between 1862 and 1865.The vegetal decorative painting of the choir vault was carried out in 1518 by Hans Rischiner. The choir stalls were carved in 1666 by Georg Mattig and Hans Siegen. The high altar was created between 1758 and 1761 by Placy Schmid from Disentis. The side altars were created around 1720 in the workshop of Anton Sigristen. The organ was built by Christopher Aebi between 1679 and 1680. Originally having 11 registers, it now features 13.The sculpture of St. George fighting a dragon is from the first quarter of the 16th century. The Holy Helper Altar is from the last quarter of the 15th century while the baptismal font was created at the end of the 17th century.
=500  \\$awith ms notes by Ton Koopman about the disposition of the organ
=505  \\$g

=650  \0$aChurch$1http://www.wikidata.org/entity/Q16970$93776
=650  \0$aOrgan$1http://www.wikidata.org/entity/Q1444$92810
=651  \0$aErnen (Switzerland)$1http://www.wikidata.org/entity/Q70347$939522
=942  \\$cEPH
=952  \\$00$10$2ddc$40$6TOP_CH_ERN$70$8TOP$925016$aORPH$bORPH$cKTS0$d2025-01-20$eKoopman$i28E27$l0$oTOP CH.ERN$p20130786$r2025-01-20 16:20:51$w2025-01-20$yEPH
=999  \\$d22447

