=LDR  01031nam a22002057a 4500
=001  22448
=008  250120s1996\\\\|||ag|||\||||\00|\0\eng\d
=041  \\$aeng
=100  \\$aVerspeurt, Veronique$4aut$916653
=245  \\$aThe Piron Collection in the Brussels Conservatory :$bA hitherto Undocumented Complex of French Eighteenth-Century Manuscripts and Prints with Instrumental Music
=260  \\$c1996
=300  \\$a12 pages
=490  \\$aRevue Belge de Musicologie$v50
=500  \\$aOffprint of an article from the Revue Belge de Musicologie / Belgisch Tijdschrift voor Muziekwetenschap Vol. 50 (1996), p. 141-152.
=648  \0$a18th Century (1701-1800)$1http://www.wikidata.org/entity/Q7015$920899
=650  \0$aCollecting$1http://www.wikidata.org/entity/Q208165$92117
=651  \0$aBrussels (Belgium)$1http://www.wikidata.org/entity/Q239$937
=942  \\$cBOO
=952  \\$00$10$2ddc$40$6BIB_4_000000000000000_BE_BRU1$70$8BIB$925017$aORPH$bORPH$cKTS0$d2025-01-20$l0$oBIB4 BE.BRU1$p20125983$r2025-01-20 17:47:16$w2025-01-20$yBOO
=999  \\$d22448

