=LDR  01338acm a2200253   4500
=001  22452
=005  20250925143311.0
=008  250123s1971\\\\\\\\\\\\\\\\\\\\\\0\ger\d
=041  \\$ager$aeng$afre
=100  \\$4cmp$4cnd$aKagel, Mauricio$d1931-2008$1http://www.wikidata.org/entity/Q178293$916378
=245  \\$aAcustica$bfür experimentelle Klangenzeuger und Lautsprecher
=246  \\$aAcustica:$bfor experimental sound-producers and loud-speakers
=246  \\$aAcustica :$bpour sources sonores expérimentales et haut-parleurs
=260  \\$aGermany$bDeutsche Grammophon$c1971
=300  \\$a2-LP, stereo$c12"$ebooklet
=500  \\$a"ACUSTICA, one of my most extensive works of recent years, is written in memory of Alfred Feussner, my early-departed friend.' 
-Mauricio Kagel
=648  \0$a20th Century (1901-2000)$1http://www.wikidata.org/entity/Q6927$920936
=650  \0$aAvant-garde$1http://www.wikidata.org/entity/Q102932$921178
=650  \0$aSound art$1http://www.wikidata.org/entity/Q1744327$926713
=650  \0$aAcoustics$1http://www.wikidata.org/entity/Q82811$921365
=710  2\$aKölner Ensemble für Neue Musik$4prf$939559
=942  \\$cREC
=952  \\$00$10$2ddc$40$6REC_12_000000000000000_KAGE_1971$70$8REC$925021$aORPH$bORPH$cKM12_2_B$d2025-01-23$l0$oREC 12 KAGE 1971$p20143997$r2025-01-23 13:28:57$w2025-01-23$yREC
=999  \\$d22452

