=LDR  01237njm a22002537a 4500
=001  22453
=008  250123s2018\\\\||||||||\||||\00|\0\eng\d
=024  \\$a5425004800114
=041  \\$aeng
=245  \\$aGrokking Improvisations:$bUnclassical and Beyond
=260  \\$aBelgium$bPassacaille$c2018
=300  \\$aCD$c01:01:42
=500  \\$aAll music improvised and recorded at Concertgebouw Brugge february 8th 2017.
=648  \0$a21st Century (2001-2100)$1http://www.wikidata.org/entity/Q6939$920812
=650  \0$aImprovisation$1http://www.wikidata.org/entity/Q1049625$93640
=650  \0$aCello$1http://www.wikidata.org/entity/Q8371$92688
=650  \0$aPiano$1http://www.wikidata.org/entity/Q5994$1http://www.wikidata.org/entity/Q1521313$92127
=651  \0$aBruges (Belgium)$1http://www.wikidata.org/entity/Q12994$920963
=700  \\$aDeforce, Arne$1http://www.wikidata.org/entity/Q52821581$4prf$4pro$915774
=700  \\$aHuys, Johan$d1942-$1http://www.wikidata.org/entity/Q52186632$4prf$922550
=700  \\$aWillox, Yannick$4pro$939560
=942  \\$cREC
=952  \\$00$10$2ddc$40$6REC_CD_DEFO_2018_000000000000000$70$8REC$925022$aORPH$bORPH$cKM12_2_B$d2025-01-23$l0$oREC CD DEFO 2018$p20143998$r2025-01-23 14:50:48$w2025-01-23$yREC
=999  \\$d22453

