=LDR  01015nam a22001817a 4500
=001  22454
=020  \\$a9782954553290
=041  \\$aeng$afre
=100  \\$aRudant, Manon Louise$4drt$939561
=245  \\$aOrpheus XXI, Musique pour la vie et la dignité :$bUn film documentaire
=246  \1$aOrpheus XXI, Music for Life and Dignity
=300  \\$aDVD$c01:26:00
=520  \\$aA film by Manon Louise Rudant. Under the artistic management of Jordi Savall, “ORPHEUS XXI – Music for life and dignity” is an artistic and educational action plan, designed as a replicable learning platform, for the integration of young refugees with musical knowledge or talent.
=650  \0$aMusic education$1http://www.wikidata.org/entity/Q27908$921766
=700  \\$aSavall, Jordi$d1941-$1http://www.wikidata.org/entity/Q317182$4ard$924946
=942  \\$cREC
=952  \\$00$10$2ddc$40$6REC_AV_RUDA_2018_000000000000000$70$8REC$925023$aORPH$bORPH$cKM12_2_B$d2025-01-23$l0$oREC AV RUDA 2018$p20143999$r2025-01-23 15:07:11$w2025-01-23$yREC
=999  \\$d22454

