=LDR  01289nam a22002777a 4500
=001  22488
=008  250204s2024\\\\|||o||||\||||\00|\idmul\d
=020  \\$a9788881094691
=041  \\$aeng$aita
=100  \\$aRowland, David$d-1957$4edt$922398
=245  \\$aClementi Correspondence and Other Documents
=260  \\$aBologna$bUt Orpheus$c2024
=300  \\$alxxxvi-133 pages
=490  \\$aMuzio Clementi - Opera Omnia$vxiv.2
=600  \0$aClementi, Muzio$d1752-1832$1http://www.wikidata.org/entity/Q193673$95350
=648  \0$a18th Century (1701-1800)$1http://www.wikidata.org/entity/Q7015$920899
=648  \0$a19th Century (1801-1900)$1http://www.wikidata.org/entity/Q6955$920935
=650  \0$aCorrespondence$1http://www.wikidata.org/entity/Q1784733$921392
=650  \0$aMusic history$1http://www.wikidata.org/entity/Q846047$921373
=650  \0$aComposer$1http://www.wikidata.org/entity/Q36834$93625
=650  \0$aPianist$1http://www.wikidata.org/entity/Q486748$92959
=650  \0$aPublishing$1http://www.wikidata.org/entity/Q3972943$93049
=700  1\$aIlliano, Roberto$4edt$926769
=942  \\$cBOO
=952  \\$00$10$2ddc$40$6BIO_CLEM_A$70$8BIO$925295$aORPH$bORPH$cKTS1_P$d2025-01-27$g61.50$l1$oBIO CLEM a$p20144026$q2025-02-06$r2025-02-04 12:39:28$s2025-02-04$w2025-02-04$yBOO
=999  \\$d22488

