=LDR  00988cam a2200241 a 4500
=001  22489
=005  20250204114930.0
=008  110218s2011\\\\cau\\\\\\b\\\\001\0\eng\\
=020  \\$a9781598744873
=040  \\$aOI
=041  \\$aeng
=100  \\$aSpry, Tami$4aut$939633
=245  10$aBody, Paper, Stage:$bWriting and Performing Autoethnography
=260  \\$aWalnut Creek, CA$bLeft Coast Press$c2011
=300  \\$a232 pages$c23 cm
=490  1\$aQualitative Inquiry and Social Justice
=504  \\$aIncludes bibliographical references (p. 213-224) and index.
=648  \0$a21st Century (2001-2100)$1http://www.wikidata.org/entity/Q6939$920812
=650  \0$aAutoethnography$1http://www.wikidata.org/entity/Q4826265$939634
=650  \0$aPerformance$1http://www.wikidata.org/entity/Q6942562$926223
=942  \\$cBOO
=952  \\$00$10$2ddc$40$6MTP_3_000000000000000_SPRY$70$8MTP$925296$aORPH$bORPH$cKM12_1$d2023-05-29$g44.92$l0$oMTP3 SPRY$p20144027$r2025-02-04 11:48:06$w2025-02-04$yBOO
=999  \\$d22489

