=LDR  01756nam a22003017a 4500
=001  22518
=005  20251003085500.0
=008  250217m17731987|||gh|||\||||\00|\0\ger\d
=020  \\$a3369000059
=041  \\$ager$aita
=100  \\$aRingmacher, Christian Ulrich$d1743-1781$1http://www.wikidata.org/entity/Q60844974$4aut$939699
=245  \\$aCatalogo de' Soli, Duetti, Trii ... Berlin 1773
=260  \\$aLeipzig$bPeters$c1987
=300  \\$a111-59 pages$bfacsimile, incipits
=490  \\$aPeters Reprints
=500  \\$aFotomechanischer Nachdruck der Originalausgabe Berlin 1773 nach einem Exemplar der Bibliotheque du Conservatoire Royal de Musique Bruxelles.
=500  \\$aconsists of incipits, sorted by instrumentation
=534  \\$cBerlin: Ringmacher, 1773
=590  \\$aCatalogo de Soli, Duetti, Trii, Quadri, Quintetti, Partite de' Concerti e delle Sinfonie per il cembalo, violino, flauto traverso ed altri stromenti che si trovano in Manoscritto nella Officina musica di Christiano Ulrico Ringmacher, Libraio in Berolino
=648  \0$a18th Century (1701-1800)$1http://www.wikidata.org/entity/Q7015$920899
=650  \0$aCatalogue$1http://www.wikidata.org/entity/Q2352616$1http://www.wikidata.org/entity/Q6941730$921484
=650  \0$aChamber music$1http://www.wikidata.org/entity/Q189201$92105
=650  \0$aInstrumental music$1http://www.wikidata.org/entity/Q639197$92106
=651  \0$aBerlin (Germany)$1http://www.wikidata.org/entity/Q64$948
=700  \\$aBrook, Barry S.$d1918-1997$1http://www.wikidata.org/entity/Q4864703$4wam$99910
=942  \\$cBOO
=952  \\$00$10$2ddc$40$6BIB_4_000000000000000_DE_BER$70$8BIB$925510$aORPH$bORPH$cKTS0$d2025-02-17$eKoopman$i13B08$l0$oBIB4 DE.BER$p20124504$r2025-02-17 12:45:10$w2025-02-17$yBOO
=999  \\$d22518

