=LDR  01022nam a22002297a 4500
=001  22525
=008  250218s2024\\\\||||||||\||||\00|\0\dut\d
=020  \\$a9789025316952
=041  \\$adut
=100  \\$aPfeijffer, Ilja Leonard$d1968-$1http://www.wikidata.org/entity/Q2030279$4aut$939707
=245  \\$aIs geschiedenis fictie?
=260  \\$aAmsterdam$bAthenaeum—Polak & Van Gennep$c2024
=300  \\$a40 pages
=490  \\$aHomerus lezing$v6
=648  \0$aClassical Antiquity (8th Century BC-6th Century AD)$1http://www.wikidata.org/entity/Q486761$921435
=648  \0$a21st Century (2001-2100)$1http://www.wikidata.org/entity/Q6939$920812
=650  \0$aLiterature$1http://www.wikidata.org/entity/Q8242$94439
=650  \0$aHistory$1http://www.wikidata.org/entity/Q309$921403
=650  \0$aHistoriography$1http://www.wikidata.org/entity/Q50675$921801
=942  \\$cBOO
=952  \\$00$10$2ddc$40$6HUM_PFEI$70$8HUM$925517$aORPH$bORPH$cKM12_1$d2025-02-17$g7.50$l0$oHUM PFEI$p20132384$r2025-02-18 10:02:00$w2025-02-18$yBOO
=999  \\$d22525

