=LDR  01301nam a22002537a 4500
=001  22528
=008  250218b\\\\\\\\|||a||||\d|||\00|\0dfre\d
=041  \\$afre
=100  1\$aLyonnet, Henry$d1853-1933$1http://www.wikidata.org/entity/Q3132922$4aut$939727
=245  \\$aDictionnaire des Comédiens Français (ceux d'hier) :$bBiographie, Bibliographie, Iconographie
=260  \\$aParis$bLibrairie de L'Art du Théatre
=300  \\$a2 vols. in 1 (iii-644-717 pages)$bill. 
=490  \\$aHistoire du Théatre
=590  \\$aOuvrage illustré de nombreux portraits, autographes, vues, scènes, etc.
=650  \0$aTheater history$1http://www.wikidata.org/entity/Q1061140$94607
=650  \0$aComedy$1http://www.wikidata.org/entity/Q40831$921436
=650  \0$aActor$1http://www.wikidata.org/entity/Q33999$93442
=650  \0$aBiography$1http://www.wikidata.org/entity/Q36279$91927
=651  \0$aFrance$1http://www.wikidata.org/entity/Q142$9131
=856  \\$3vol. 1: A-D$uhttps://gallica.bnf.fr/view3if/ga/ark:/12148/bpt6k213786n
=856  \\$3vol. 2: E-Z$uhttps://gallica.bnf.fr/view3if/ga/ark:/12148/bpt6k2137871
=942  \\$cBOO
=952  \\$00$10$2ddc$40$6KTS_1_000000000000000_H_11_001$70$8RAR$925521$aORPH$bORPH$cKTS1_H$d2025-02-18$l0$oKTS1 H.11.001$p20144068$r2025-02-18 14:44:13$w2025-02-18$yBOO
=999  \\$d22528

