=LDR  00978nam a2200253 c 4500
=001  22537
=005  20251001162235.0
=008  240118s2023\\\\xx\\\\\\\||||\00|||\eng\d
=020  \\$a9781509558063
=040  \\$aOI
=041  0\$aeng
=100  \\$aTanner, Grafton$d1990-$1http://www.wikidata.org/entity/Q113148526$4aut$925711
=245  10$aForeverism
=260  \\$aCambridge$bPolity$c2023
=300  \\$aviii-127 pages
=490  0\$aTheory Redux
=648  \0$a21st Century (2001-2100)$1http://www.wikidata.org/entity/Q6939$920812
=650  \0$aPhilosophy$1http://www.wikidata.org/entity/Q5891$92357
=650  \0$aAesthetics$1http://www.wikidata.org/entity/Q35986$921494
=650  \0$aPolitics$1http://www.wikidata.org/entity/Q7163$921826
=651  \0$aUSA$1http://www.wikidata.org/entity/Q30$943
=942  \\$cBOO
=952  \\$00$10$2ddc$40$6PHI_TANN_A$70$8PHI$925531$aORPH$bORPH$cKM12_3_2$d2025-01-13$g12.80$l0$oPHI TANN a$p20132385$r2025-02-19 12:47:48$w2025-02-19$yBOO
=999  \\$d22537

