=LDR  00961nam a22002297a 4500
=001  22555
=008  250226s2024\\\\||||||||\||||\00|\0\eng\d
=041  \\$aeng$hger
=100  \\$aHan, Byung-Chul$d1959-$1http://www.wikidata.org/entity/Q495875$4aut$915738
=245  \\$aThe Crisis of Narration
=260  \\$aCambridge$aHoboken, NJ$bPolity$c2024
=300  \\$a76 pages
=534  \\$cBerlin: Marthes & Seitz, 2023
=648  \0$a21st Century (2001-2100)$1http://www.wikidata.org/entity/Q6939$920812
=650  \0$aPhilosophy$1http://www.wikidata.org/entity/Q5891$92357
=650  \0$aLiterature$1http://www.wikidata.org/entity/Q8242$94439
=651  \0$aBerlin (Germany)$1http://www.wikidata.org/entity/Q64$948
=700  \\$aSteuer, Daniel$4trl$939782
=765  \\$aDie Krise der Narration
=942  \\$cBOO
=952  \\$00$10$2ddc$40$6PHI_HAN_A$70$8PHI$926488$aORPH$bORPH$cKM12_3_2$d2025-02-17$g16.61$l0$oPHI HAN a$p20132386$r2025-02-26 09:14:58$w2025-02-26$yBOO
=999  \\$d22555

