=LDR  01032nam a22002417a 4500
=001  22556
=008  250226s2022\\\||||||||\||||\00|\0\eng\d
=041  \\$aeng$hger
=100  \\$aHan, Byung-Chul$d1959-$1http://www.wikidata.org/entity/Q495875$4aut$915738
=245  \\$aThe Philosophy of Zen Buddhism
=260  \\$aCambridge$aHoboken, NJ$bPolity$c2022
=300  \\$a120 pages
=534  \\$cDitzingen: Reclam, 2022
=648  \0$a21st Century (2001-2100)$1http://www.wikidata.org/entity/Q6939$920812
=650  \0$aPhilosophy$1http://www.wikidata.org/entity/Q5891$92357
=650  \0$aReligion$1http://www.wikidata.org/entity/Q9174$93062
=650  \0$aZen$1http://www.wikidata.org/entity/Q7953$939783
=651  \0$aBerlin (Germany)$1http://www.wikidata.org/entity/Q64$948
=700  \\$aSteuer, Daniel$4trl$939782
=765  \\$aPhilosophie des Zen-Buddhismus
=942  \\$cBOO
=952  \\$00$10$2ddc$40$6PHI_HAN_A$70$8PHI$926489$aORPH$bORPH$cKM12_3_2$d2025-02-17$g15.97$l0$oPHI HAN a$p20132387$r2025-02-26 09:19:10$w2025-02-26$yBOO
=999  \\$d22556

