=LDR  01849nmm a22003377a 4500
=001  22565
=005  20250926135310.0
=008  250303s2001\\\\||||||||q||b|\00|\0\ger\d
=041  \\$ager
=100  \\$aReuter, Christoph$4edt$939820
=245  \\$aMusikalische Würfelspiele$bvon Mozart, Haydn und anderen großen Komponisten
=260  \\$aMainz$bSchott$c2001
=300  \\$aCD-ROM
=490  \\$aSchott Multimedia
=585  \\$aDisplayed as part of the 'Game On' exhibition during Erfgoeddag on 27 April 2025
=648  \0$a18th Century (1701-1800)$1http://www.wikidata.org/entity/Q7015$920899
=648  \0$a19th Century (1801-1900)$1http://www.wikidata.org/entity/Q6955$920935
=650  \0$aGame$1http://www.wikidata.org/entity/Q11410$923801
=650  \0$aComposing$1http://www.wikidata.org/entity/Q92186587$1http://www.wikidata.org/entity/Q11895763$93076
=650  \0$aAlgorithmic composition$1http://www.wikidata.org/entity/Q1758902$939813
=651  \0$aGermany$1http://www.wikidata.org/entity/Q183$9155
=651  \0$aAustria$1http://www.wikidata.org/entity/Q40$9202
=700  \\$aBach, Carl Philipp Emanuel$d1714-1788$1http://www.wikidata.org/entity/Q76428$4cmp$99218
=700  \\$aGerlach, Gustav$dfl. 1830$4cmp$939821
=700  \\$aHaydn, Joseph$d1732-1809$1http://www.wikidata.org/entity/Q7349$4att$94783
=700  1\$aStadler, Maximilian$d1748-1833$cAbbé$1http://www.wikidata.org/entity/Q327926$4dub$939822
=700  \\$aKirnberger, Johann Philipp$d1721-1783$1http://www.wikidata.org/entity/Q505543$4cmp$95305
=700  \\$aMozart, Wolfgang Amadeus$d1756-1791$1http://www.wikidata.org/entity/Q254$4cmp$95341
=942  \\$cREC
=952  \\$00$10$2ddc$40$6REC_DVD_REUT_2001_000000000000000$70$8REC$926498$aORPH$bORPH$cKM12_2_B$d2025-03-03$l2$m1$oREC DVD REUT 2001$p20132390$r2025-07-09 10:59:57$s2025-05-05$w2025-03-03$yREC
=999  \\$d22565

