=LDR  01780nam a22003017a 4500
=001  22626
=008  250319s1930\\\\|||ho|||\||||\00|\0\eng\d
=041  \\$aeng
=100  \\$aScholes, Percy A.$d1877-1958$1http://www.wikidata.org/entity/Q7167563$4aut$913927
=245  \\$aThe Columbia History of Music through Ear and Eye:$bPeriod I: to the Opening of the Seventeenth Century
=260  \\$aOxford$bOxford University Press$aLondon$bMilford$c1930
=300  \\$a48 pages$bfacsimiles, photographs
=490  \\$aThe Columbia History of Music through Ear and Eye
=648  \0$aMiddle Ages (500-1400)$1http://www.wikidata.org/entity/Q12554$920964
=648  \0$aRenaissance (1400-1600)$1http://www.wikidata.org/entity/Q4692$920965
=648  \0$a17th Century (1601-1700)$1http://www.wikidata.org/entity/Q7016$920923
=650  \0$aMusic history$1http://www.wikidata.org/entity/Q846047$921373
=650  \0$aIconography$1http://www.wikidata.org/entity/Q208145$921259
=650  \0$aChurch music$1http://www.wikidata.org/entity/Q8812109$1http://www.wikidata.org/entity/Q1065742$92283
=650  \0$aInstrumental music$1http://www.wikidata.org/entity/Q639197$92106
=650  \0$aSong$1http://www.wikidata.org/entity/Q7366$94164
=651  \0$aEurope$1http://www.wikidata.org/entity/Q46$991
=700  \\$aTerry, Richard$cSir$d1865-1938$1http://www.wikidata.org/entity/Q7328780$4ctb$927293
=700  \\$aDolmetsch, Arnold$d1858-1940$1http://www.wikidata.org/entity/Q194638$4ctb$910557
=700  \\$aDolmetsch, Arnold$d1858-1940$1http://www.wikidata.org/entity/Q194638$4ctb$910557
=942  \\$cBOO
=952  \\$00$10$2ddc$40$6GHM_0_000000000000000_GLASS_CUPBOARD$70$8GHM$926566$aORPH$bORPH$cKM12_1$d2025-03-19$l0$oGHM0 (glass cupboard)$p20132413$r2025-03-19 12:34:59$w2025-03-19$yBOO
=999  \\$d22626

