=LDR  00848nam a2200205 c 4500
=001  22636
=008  250319s1991\\\\|||ago||\||||\00|\0\ita\d
=041  \\$aita
=100  1\$aLeydi, Roberto$d1928-2003$4edt$939962
=245  10$aLe tradizioni popolari in Italia :$bcanti e musiche popolari
=260  \\$aMilan$bElecta$c[1991]  
=300  \\$a192 pages
=650  \0$aMusic history$1http://www.wikidata.org/entity/Q846047$921373
=650  \0$aPopular music$1http://www.wikidata.org/entity/Q373342$922015
=650  \0$aFolklore$1http://www.wikidata.org/entity/Q36192$94595
=650  \0$aSong$1http://www.wikidata.org/entity/Q7366$94164
=651  \0$aItaly$1http://www.wikidata.org/entity/Q38$922
=942  \\$cBOO
=952  \\$00$10$2ddc$40$6TOP_IT$70$8TOP$926578$aORPH$bORPH$cKTS0$d2025-03-19$l0$oTOP IT$p20144147$r2025-03-19 15:39:20$w2025-03-19$yBOO
=999  \\$d22636

