=LDR  00931nam a22002537i 4500
=001  22639
=008  240909s2024\\\\xxk||||||\\\\|||||\|eng||
=020  \\$a9781032113463
=040  \\$bita
=041  \7$aeng$2ISO-639-2
=245  00$aModular synthesis :$bpatching machines and people
=260  \\$aLondon$aNew York$bRoutledge$c2024
=300  \\$axxvi- 474 pages
=500  \\$aOn the cover: A focal press book
=648  \0$a21st Century (2001-2100)$1http://www.wikidata.org/entity/Q6939$920812
=650  \0$aElectronic music$1http://www.wikidata.org/entity/Q9778$922014
=700  1\$aEngstrom, Einar$4edt
=700  1\$aTeboul, Ezra J.$4edt
=700  1\$aKitzmann, Andreas$4edt
=942  \\$cBOO
=952  \\$00$10$2ddc$40$6GEN_21_000000000000000$70$8GEN$926581$aORPH$bORPH$cKM12_1$d2025-03-24$l1$oGEN21$p20144152$q2025-09-18$r2025-03-24 09:30:28$s2025-03-24$w2025-03-24$yBOO
=981  \1$6z01$ai $bxxxe  
=982  \1$6z01$an
=999  \\$d22639

