=LDR  00787nam a22001937a 4500
=001  22646
=008  250326s1973\\\\|||ga|||\b|||\001\0|eng\d
=041  \\$aeng
=100  \\$aGrout, Donald J.$d1902-1987$1http://www.wikidata.org/entity/Q5294603$4aut$917578
=245  \\$aA History of Western Music.$bRevised Edition
=260  \\$aLondon$bDent & Sons$c1973
=300  \\$axiv-818 pages
=534  \\$c1960, Norton & Co
=648  \0$aPast$1http://www.wikidata.org/entity/Q192630$922196
=650  \0$aMusic history$1http://www.wikidata.org/entity/Q846047$921373
=651  \0$aEurope$1http://www.wikidata.org/entity/Q46$991
=942  \\$cBOO
=952  \\$00$10$2ddc$40$6GHM_0_000000000000000$70$8GHM$926591$aORPH$bORPH$cKM12_1$d2025-03-26$l0$oGHM0$p20144156$r2025-03-26 10:12:43$w2025-03-26$yBOO
=999  \\$d22646

