=LDR  01059nam a22002417a 4500
=001  22647
=008  250326b\\\\\\\\|||g||||\d|||\00|\0deng\d
=041  \\$aeng$hger
=100  \\$aRiemann, Hugo$d1849-1919$1http://www.wikidata.org/entity/Q213539$4aut$916448
=245  \\$aDictionary of Music
=250  \\$a2nd Ed.
=260  \\$aLondon$bAugener$c1897
=300  \\$a895 pages
=534  \\$aMusik-Lexikon$cLeipzig: Verlag des Bibliographischen Instituts, 1882$ohttps://archive.org/details/musiklexikontheo00riem/page/n5/mode/2up?ref=ol&view=theater
=590  \\$aNew edition, with many additions by the author
=650  \0$aDictionary$1http://www.wikidata.org/entity/Q23622$921580
=650  \0$aMusic$1http://www.wikidata.org/entity/Q638$92062
=700  \\$aShedlock, J. S.$d1843-1919$4trl$939611
=765  \\$aMusik-Lexikon
=856  \\$uhttps://books.google.be/books?id=irPHdIf-tTUC
=942  \\$cBOO
=952  \\$00$10$2ddc$40$6REF_1_000000000000000$70$8REF$926592$aORPH$bORPH$cKM12_1$d2025-03-26$l0$oREF1$p20144157$r2025-03-26 10:51:32$w2025-03-26$yBOO
=999  \\$d22647

