=LDR  02759nam a2200229 c 4500
=001  22648
=005  20251103124736.0
=008  250305s2024\\\\xx\a|||\\||||\00|||\eng\d
=020  \\$a9780197683071
=041  0\$aeng
=245  10$aEarly Music in the 21st Century
=260  \\$aNew York, NY$bOxford University Press$c2024
=300  \\$axix-320 pages$bIllustrations
=520  \\$a"It is time to reimagine the early music movement. Ever since its inception, the movement has been chronicled, analyzed, supported, and criticized by an array of journalists, philosophers, musicologists, and performers. Now that historically informed performance is firmly established in the Western classical music landscape, it is imperative to consider what we would like our future to be. What are our hopes for this new century? Although many "re"-prefix words are used when discussing how the movement should go forward-we need to rethink, reevaluate, revive, reinvigorate, and reboot-many of them have a slightly negative undertone. There are, of course, things that are problematic in the movement, and it is important to voice and confront these concerns. The term "early music" is itself debatable. Once a clear defining marker of the movement's repertoire, "early music" now feels too limited for a field that explores nineteenth- and twentieth-century music. More contemporary terminology, such as "historically informed," is equally problematic. As one modern player remarked, "What am I, historically uninformed?" With all its baggage and inadequacies, "early music" is still the term used to describe the movement's specialist journals, festivals, music departments, and concert series. Perhaps we will find something more appropriate in the twenty-first century? This volume introduces new ways to research and think about early music, addresses various performative issues, offers pedagogical possibilities and new technological tools, and-perhaps most importantly in this new century-suggests ways we can engage with the present as well as with the past. These essays present a number of possible positive directions for the future, while simultaneously addressing the things we'd like to change."
=650  \0$aEarly music$1http://www.wikidata.org/entity/Q436016$93160
=650  \0$aHistorically informed performance$1http://www.wikidata.org/entity/Q1344860$920980
=650  \0$aMusical interpretation$1http://www.wikidata.org/entity/Q1668139$94533
=650  \0$aHistoriography$1http://www.wikidata.org/entity/Q50675$921801
=700  1\$aMitchell, Mimi$4edt$940034
=942  \\$cBOO
=952  \\$00$10$2ddc$40$6MTP_2_000000000000000_MITC$70$8MTP$926596$aORPH$bORPH$cKM12_1$d2025-03-04$l1$oMTP2 MITC$p20144158$r2025-09-30 12:10:37$s2025-06-25$w2025-04-08$yBOO
=999  \\$d22648

