=LDR  01993nam a22002538c 4500
=001  22649
=008  220610s2022\\\\gw\ao||\\||||\00|||\eng\d
=020  \\$a9783955931292
=041  0\$aeng
=245  10$aSounding Fragilities:$bAn Anthology
=260  \\$aHofheim$bWolke$c2022
=300  \\$a311 pages
=520  \\$aSounding Fragilities enacts a polyphony of writing on contemporary composition, music and performing arts in relation to music theatre. Co-edited by a theatre and performance scholar and by a composer and artistic researcher, this anthology considers its field of investigation through the lens of positionalities. Irene Lehmann and Pia Palme invite readers into intimate encounters with an artist’s practice, feminist and queer perspectives, and personal explorations into aspects of musicology, theatre studies, technology and ecology. By presenting female* composers who write with/through/about their own practice, Sounding Fragilities is a remarkable contribution to an interdisciplinary debate around the agency of artistic research. With this synthesis, the editors evaluate how moving beyond the binary of art and science reveals the rich yet fragile territories of artistic knowledge-production and literacy in music theatre.
=650  \0$aMusic theater$1http://www.wikidata.org/entity/Q96394452$92065
=650  \0$aContemporary music$1http://www.wikidata.org/entity/Q8011523$939359
=650  \0$aComposing$1http://www.wikidata.org/entity/Q92186587$1http://www.wikidata.org/entity/Q11895763$93076
=650  \0$aPerformance$1http://www.wikidata.org/entity/Q6942562$926223
=650  \0$aFeminism$1http://www.wikidata.org/entity/Q7252$921809
=650  \0$aEcology$1http://www.wikidata.org/entity/Q7150$926417
=700  \\$aLehmann, Irene$4edt$4aut
=700  \\$aPalme, Pia$4edt$4aut
=942  \\$cBOO
=952  \\$00$10$2ddc$40$6MTP_2_000000000000000_LEHM$70$8MTP$926597$aORPH$bORPH$cKM12_1$d2025-04-10$l0$oMTP2 LEHM$p20144160$r2025-04-10 13:10:26$w2025-04-10$yBOO
=999  \\$d22649

