=LDR  02354nam a2200241 c 4500
=001  22650
=008  250226s2025\\\\xx\o|||\\b|||\00|||\eng\d
=020  \\$a9798765127551
=041  0\$aeng
=100  \\$aCollins, Nicolas$d1954-$1http://www.wikidata.org/entity/Q7029585$4aut$917709
=245  10$aSemi-Conducting:$bRambles Through the Post-Cagean Thicket
=260  \\$aNew York$bBloomsbury Academic$c2025
=300  \\$aix-259 pages
=505  8\$aA Hidden Switch -- I am Sitting in a Classroom -- Worlds of Music -- Four Ridiculously Large Speakers -- Interlude : Multitrack -- Playing with Chips -- The Infinite Amplification of Silence (or I Ching for Dummies) -- Old Guard Avant Garde -- Newcastle to Narvik -- The Eden Before Apple -- A Bright Red Electric Guitar -- Interlude : 33 1/3 -- Devil's Music -- Planes, Trains and Step-Down Transformers -- A Computer Walks into a Bar -- We Were All Seated Around the Campfire -- Interlude : Soundcheck -- Still Lives -- STEIM -- IRCAM with a Human Face -- Interlude : Silence -- Whistling in the Woods -- Strange Heaven -- Art School -- Interlude : How Things Work -- Hardware Hacking -- Salvage -- The Missing Switch -- Interlude : Things I'd Like to Own -- Surprise Me
=520  \\$a"Written by a composer long immersed in new and experimental music this book provides a tour of the music, technologies and people that have transformed how we make, hear and think about sound over the past fifty years. As both a participant and critical observer in the post-Cagean musical landscape, Nicolas Collins uses anecdotes and analysis to survey the history and aesthetics of the musical avant-garde. It follows a personal chronology of observations and experiences with music, technology, economics and culture"-- Provided by publisher
=650  \0$aAvant-garde$1http://www.wikidata.org/entity/Q102932$921178
=650  \0$aPopular music$1http://www.wikidata.org/entity/Q373342$922015
=650  \0$aComposing$1http://www.wikidata.org/entity/Q92186587$1http://www.wikidata.org/entity/Q11895763$93076
=650  \0$aImprovisation$1http://www.wikidata.org/entity/Q1049625$93640
=650  \0$aTechnology$1http://www.wikidata.org/entity/Q11016$921633
=942  \\$cBOO
=952  \\$00$10$2ddc$40$6AES_COLL$70$8AES$926598$aORPH$bORPH$cKM12_1$d2025-03-14$l0$oAES COLL$p20144161$r2025-04-14 12:42:26$w2025-04-14$yBOO
=999  \\$d22650

