=LDR  01780njm a22002657a 4500
=001  22651
=008  250414s2022\\\\||||||||\||||\00|\0\eng\d
=024  \\$a608917733426
=041  \\$aeng
=245  \\$aMozart:$bChamber Music with Clarinet
=260  \\$bAntarctica$c2022
=300  \\$aCD, 1:09:04
=520  \\$aClarinet player Eddy Vanoosthuyse is joined by the renowned Czech Zemlinsky Quartet exhibiting a refreshing point of view on Mozart's repertoire for clarinet and string ensemble.

All things Mozart have been said and done, you'd think. Well, nothing could be further from the truth. On a daily basis new findings are added to the research portfolio, not only with regards to the famous Salzburgian's life – hasn't that been dissected to death? – but also about each and every one of his compositions, continuously getting reframed, analysed and compared. The exegesis of the Mozartverse is a full-time job to many. The works on this recording alone raise a bunch of questions of which several remain unanswered. 
=600  \0$aMozart, Wolfgang Amadeus$d1756-1791$1http://www.wikidata.org/entity/Q254$95341
=650  \0$aChamber music$1http://www.wikidata.org/entity/Q189201$92105
=650  \0$aClarinet$1http://www.wikidata.org/entity/Q8343$92937
=650  \0$aTrio$1http://www.wikidata.org/entity/Q281643$921327
=650  \0$aString quartet$1http://www.wikidata.org/entity/Q207338$94110
=700  1\$aVanoosthuyse, Eddy$4prf$940040
=700  \\$aCorstjens, Danny$4prf$940041
=700  \\$aCallaert, Geert$4prf$920609
=710  2\$aZemlinsky Quartet$940039
=942  \\$cREC
=952  \\$00$10$2ddc$40$6REC_CD_ZEML2_2022_000000000000000$70$8REC$926599$aORPH$bORPH$cKM12_2_B$d2025-04-14$l0$oREC CD ZEML2 2022$p20144162$r2025-04-14 13:21:14$w2025-04-14$yREC
=999  \\$d22651

