=LDR  01167njm a22002177a 4500
=001  22652
=008  250414b\\\\\\\\||||||||\||||\00|\0\mul\d
=041  \\$aita$aeng
=245  \\$aSix Hands Piano:$bnei Salotti dell'Ottocento
=260  \\$aBari$bAssociazione Musicale Igor Stravinskij$c2005
=300  \\$aCD, 0:53:01
=505  \\$gDivertimento sull'opera "Nabucodonosor" -- Divertimento sull'opera "I lombardi alla prima crociata" -- Divertimento sull'opera "Luisa Miller" / A. Panzini -- Fantasia sull'opera "La Traviata" / G. Dacci -- Divertimento sull'opera "Il Trovatore" / A. Panzini
=650  \0$aChamber music$1http://www.wikidata.org/entity/Q189201$92105
=650  \0$aPiano$1http://www.wikidata.org/entity/Q5994$1http://www.wikidata.org/entity/Q1521313$92127
=650  \0$aOpera$1http://www.wikidata.org/entity/Q1344 $92468
=700  \\$aBiscione, Donato$4prf$940043
=700  \\$aSciangalepore, Nicoletta$4prf$940044
=700  \\$aRossi, Marianna$4prf$940045
=942  \\$cREC
=952  \\$00$10$2ddc$40$6REC_CD_BISC_2005_000000000000000$70$8REC$926600$aORPH$bORPH$cKM12_2_B$d2025-04-14$l0$oREC CD BISC 2005$p20144163$r2025-04-14 16:00:52$w2025-04-14$yREC
=999  \\$d22652

