=LDR  00748nam a2200193 c 4500
=001  22653
=008  230607s1991\\\\xx\gl||\\m|||\00|||\eng\d
=041  0\$aeng
=100  1\$aBlake, Carl LeRoy$d1951-$4aut
=245  10$aTempo Rubato in the Eigteenth Century
=246  13$aTempo Rubato in the 18th Century
=250  \\$aFacsimile
=260  \\$aAnn Arbor$bUMI Dissertation Services$c[1991]
=300  \\$axii-127 pages$bmusic examples
=502  \\$bDissertation$cCornell University$d1988
=650  \0$aTempo rubato$1http://www.wikidata.org/entity/Q1063336$921564
=942  \\$cBOO
=952  \\$00$10$2ddc$40$6MTP_5_000000000000000_BLAK$70$8MTP$926601$aORPH$bORPH$cKM12_1$d2025-04-14$eKoopman$l0$oMTP5 BLAK$p20144164$r2025-04-14 16:27:23$w2025-04-14$yBOO
=999  \\$d22653

