=LDR  01004nam a22002177a 4500
=001  22672
=008  250423s2000\\\\|||aof||\b|||\00|\0|ger\d
=041  \\$ager
=100  \\$aPetzoldt, Martin$d1946-2015$1http://www.wikidata.org/entity/Q1904718$4edt$915718
=245  \\$aSt. Thomas / zu Leipzig
=260  \\$aLeipzig$bEvangelische Verlagsanstalt$c2000
=300  \\$a200 pages
=610  \0$aThomaskirche (Leipzig, Germany)$1http://www.wikidata.org/entity/Q170402$922279
=650  \0$aChurch$1http://www.wikidata.org/entity/Q16970$93776
=650  \0$aHistory$1http://www.wikidata.org/entity/Q309$921403
=650  \0$aMusic history$1http://www.wikidata.org/entity/Q846047$921373
=650  \0$aArchitecture$1http://www.wikidata.org/entity/Q12271$93185
=651  \0$aLeipzig (Germany)$1http://www.wikidata.org/entity/Q2079$945
=942  \\$cBOO
=952  \\$00$10$2ddc$40$6TOP_DE_LEI$70$8TOP$926622$aORPH$bORPH$cKTS0$d2025-04-23$eKoopman$i28B46$l0$oTOP DE.LEI$p20123562$r2025-04-23 16:13:46$w2025-04-23$yBOO
=999  \\$d22672

