=LDR  00964ncm a22002057i 4500
=001  22673
=008  150624r19981800fr\mu\\|||\\\\\\\\\\mul|c
=041  \7$afre$aeng$ager
=100  \\$aReicha, Anton$d1770-1836$1http://www.wikidata.org/entity/Q311387$4aut$916024
=245  10$aDouze fugues pour le piano :$b1800
=250  \\$aFacs.
=260  \\$aCourlay$bFuzeau$c1998
=300  \\$a25-39 pages
=650  \0$aPiano$1http://www.wikidata.org/entity/Q5994$1http://www.wikidata.org/entity/Q1521313$92127
=650  \0$aFugue$1http://www.wikidata.org/entity/Q181014$93142
=700  1\$aPontet, Joël$4aut$940088
=942  \\$cSCO
=952  \\$00$10$2ddc$40$6SCO_REIC3$70$8SCO$926623$aORPH$bORPH$cKTS1_P$d2025-04-07$l1$oSCO REIC3$p20144183$q2025-10-23$r2025-04-28 15:38:58$s2025-04-28$w2025-04-28$ySCO
=952  \\$00$10$2ddc$40$6SCO_REIC3$70$8SCO$926624$aORPH$bORPH$cKTS1_P$d2025-04-07$l1$oSCO REIC3$p20144184$q2025-10-23$r2025-04-28 15:38:47$s2025-04-28$w2025-04-28$ySCO
=999  \\$d22673

