=LDR  02325nam a2200253 cb4500
=001  22676
=005  20251103124736.0
=008  250428s2025\\\\xx\\\\\\\||||\00|||\fre\d
=020  \\$a9782251456850
=041  0\$afre
=100  1\$aHaas, Frédérick$d1969-$4aut$940097
=245  10$aMusique baroque ?
=260  \\$aParis$bLes Belles lettres$c2025
=300  \\$a385 pages
=490  \\$aEssais$v53
=520  3\$aIn the 17th and 18th centuries, Europe was filled with music. Everywhere, music was being organised, developed and structured, under the influence of great founders: Monteverdi, ‘Inventor of the Opera’, Rameau, ‘Founder of Harmony’, J.S. Bach, ‘Father of all Music’, and other well-known names: Couperin, Vivaldi, Handel, Purcell, Lully... The music of this period, known in the meantime as “baroque music”, underwent a major revival in the 20th century and is now more widely performed than ever. It has an important place in the programming of concert halls and radio stations, and reaches a large and eclectic audience. Faced with this enthusiasm, the time has come to take a step back: can we define precisely what baroque music is? Why play it today? On what can we base the regeneration of practices that will continue to nourish the fascination of musicians and listeners? This book looks at compositional techniques, ornamentation and basso continuo, our relationship with time, the written word and historical sources, the musician's relationship with his or her instrument and what makes it a vehicle for intensity and expression. A book for music lovers and musicians, to help them understand, listen to and play Baroque music better. (Translated with DeepL.com)
=650  \0$aBaroque$1http://www.wikidata.org/entity/Q37853$921255
=650  \0$aMusic history$1http://www.wikidata.org/entity/Q846047$921373
=650  \0$aMusic philosophy and aesthetics$1http://www.wikidata.org/entity/Q2092865$921165
=650  \0$aComposing$1http://www.wikidata.org/entity/Q92186587$1http://www.wikidata.org/entity/Q11895763$93076
=650  \0$aMusical interpretation$1http://www.wikidata.org/entity/Q1668139$94533
=942  \\$cBOO
=952  \\$00$10$2ddc$40$6GHM_5_000000000000000$70$8GHM$926629$aORPH$bORPH$cKM12_1$d2025-04-25$l1$oGHM5$p20144188$r2025-08-29 16:52:04$s2025-08-20$w2025-04-29$yBOO
=999  \\$d22676

