=LDR  02217nam a22002537a 4500
=001  22677
=008  250429s2024\\\\|||gha||\||||\00|\0\mul\d
=020  \\$a9782503615660
=041  \\$aeng$aita
=245  \\$aEarly Music Pedagogy Then and Now:$bFrom the Classical Antiquity to the Renaissance
=260  \\$aTurnhout$bBrepols$c2024
=300  \\$axxxii-448 pages
=490  \\$aMusica Incarnata: Pedagogy, Performance and Market$v3
=500  \\$aContributions from thirteen scholars address topics ranging from the ancient Greek instrument helikōn used for musicians’ training to the evolution of the viola bastarda technique linking historical practices with modern applications.
=520  \\$aThis volume explores various aspects of early music teaching (Historically Informed Music Pedagogy), performance, and theory. Contributions from thirteen scholars address topics ranging from the ancient Greek instrument helikōn used for musicians’ training to the evolution of the viola bastarda technique linking historical practices with modern applications. Significant attention is given to methodological reflections on early music pedagogy, the reconstruction of incomplete pieces as a method for teaching counterpoint, and the role of improvisation and the creative process in vocal and instrumental music. Additional sections tackle the teaching of ornamentation, contrappunto alla mente and solmisation, with discussions on the status of Musica Practica and its philosophical and educational implications today. New perspectives are offered on Guido of Arezzo with an innovative contribution on the «Dialogus de musica».
=650  \0$aMusic education$1http://www.wikidata.org/entity/Q27908$921766
=650  \0$aMusic history$1http://www.wikidata.org/entity/Q846047$921373
=650  \0$aMusic performance technique$1http://www.wikidata.org/entity/Q6942574$939646
=650  \0$aMusic theory$1http://www.wikidata.org/entity/Q193544$92662
=700  1\$aMazzetti, Marcello$4edt$940101
=700  1\$aTicli, Livio$4edt$940102
=942  \\$cBOO
=952  \\$00$10$2ddc$40$6MTP_4_000000000000000_MAZZ$70$8MTP$926630$aORPH$bORPH$cKM12_1$d2025-04-25$l0$oMTP4 MAZZ$p20144189$r2025-04-29 12:08:21$w2025-04-29$yBOO
=999  \\$d22677

