=LDR  02102nam a22003137a 4500
=001  22682
=008  240105s2024\\\\||||||||\||||\00|\0\eng\d
=020  \\$a9780971319240
=041  \\$aeng
=044  \\$aKR
=100  \\$aParra Cancino, Juan$1http://www.wikidata.org/entity/Q52833571$4First Author$916990
=245  \\$aAnalog ring modulation: a DIY approach inspired by historical techniques
=250  \\$a1st ed.
=260  \\$aUSA$bThe International Computer Music Association$c2024
=300  \\$a307
=336  \\$aBook Conference Proceeding
=366  \\$b2024-09-01
=500  \\$aComputer Music
=506  \\$aopen
=509  \\$aFRIS
=520  \\$aIn this paper, we present a device that implements a ring modulator intended to recreate historical analog audio. As simple as it sounds, the multiplication of two analog audio signals is not a straightforward task, mainly due to phenomena such as saturation or non-linearity. Drawing inspiration from historical realizations of ring modulation, we experimented with the most common methods described in the literature. Our device, which is comparatively inexpensive, improves upon the aforementioned alternatives from a DIY perspective. It is predominantly analog, adhering to the practices of the first decades of electroacoustic music, with the notable exception of the digital control for the sinusoidal carrier. We aim to strike a balance between analog audio technology and modern components and techniques. Additionally, this paper includes audiovisual demonstrations that showcase the practical uses of our ring modulator. A comprehensive GitHub repository provides open access to all the resources required for DIY enthusiasts to replicate our implementation
=591  \\$a1
=600  \\$1Juan Parra Cancino
=610  \0$aMusic, Thought and Technology$926934
=700  \\$10009-0002-9454-3980$4First author
=856  \\$3Universal Resource Locator$uhttps://www.fulcrum.org/epubs/zg64tq067?locale=en#page=174
=942  \\$cBOO
=952  \\$00$10$2ddc$40$70$926637$aORPH$bORPH$d2025-04-29$l0$r2025-04-29 16:35:05$w2025-04-29$yRAR
=999  \\$d22682

