=LDR  00968njm a22002657a 4500
=001  22701
=008  240201s2024\\\\||||||||\||||\00|\0\eng\d
=041  \\$aeng
=044  \\$aDE
=046  \\$k2024-10-28$l2024-11-30
=100  \\$aParra Cancino, Juan$1http://www.wikidata.org/entity/Q52833571$4Creator$eElectronics$916990
=245  \\$aOpaque Technologies
=260  \\$aKarlsruhe$bHochschule für Musik, Karlsruhe$c2024
=336  \\$aEvent
=366  \\$b2024-11-28
=500  \\$aWorkshop and lecture for the faculty and Students of the Hochschule für Musik, Karlsruhe
=506  \\$aopen
=509  \\$aFRIS
=520  \\$aHarald Bode reconstructed instruments
=591  \\$aEditorial review
=610  \0$aMusic, Thought and Technology$926934
=856  \\$3Universal Resource Locator$uhttps://www.instagram.com/p/DBs1LFggddK/?locale=no&hl=af
=942  \\$cNWO
=952  \\$00$10$2ddc$40$70$926646$aORPH$bORPH$d2025-04-30$l0$r2025-04-30 17:59:44$w2025-04-30$yNWO
=999  \\$d22701

