=LDR  01114njm a22002777a 4500
=001  22703
=008  240201s2024\\\\||||||||\||||\00|\0\eng\d
=044  \\$aIE
=046  \\$k2024-04-08$l2024-04-12
=100  \\$aParra Cancino, Juan$1http://www.wikidata.org/entity/Q52833571$4Creator$eguitar, electronics$916990
=111  \\$aOpening of Electronic Music Studio$cUniversity of Limerick, Ireland$dApril 8-12, 2024$gLecture Performance
=245  \\$aElectronic music studio opening
=260  \\$c2024
=336  \\$aEvent
=366  \\$b2024-04-08
=500  \\$aLecture, workshop, and performance of Three States of Wax (Juan Parra Cancino, guitar + electronics & Jonathan Impett, trumpet + electronics)
=506  \\$aopen
=509  \\$aFRIS
=520  \\$aguitar, trumpet, and electronics.
=591  \\$aEditorial review
=610  \0$aMusic, Thought and Technology$926934
=773  \\$tElectronic music studio opening
=856  \\$3Universal Resource Locator$uhttp://www.dmarc.ie/ems.html
=942  \\$cNWO
=952  \\$00$10$2ddc$40$70$926649$aORPH$bORPH$d2025-05-02$l0$r2025-05-02 16:34:18$w2025-05-02$yNWO
=999  \\$d22703

