=LDR  01073njm a22002657a 4500
=001  22704
=008  240201s2024\\\\||||||||\||||\00|\0\eng\d
=044  \\$aIS
=046  \\$k2024-11-05$l2024-11-09
=100  \\$aParra Cancino, Juan$1http://www.wikidata.org/entity/Q52833571$4Creator$eguitar and electroncis$916990
=245  \\$aThree States of Wax
=260  \\$c2024
=336  \\$aEvent
=366  \\$b2024-11-05
=500  \\$aLecture, workshops, and performance of Three States of Wax (Juan Parra Cancino, guitar + electronics & Jonathan Impett, trumpet + electronics) at the Icelandic University of the Arts, and the Intelligent Instruments Lab.
=506  \\$aopen
=509  \\$aFRIS
=520  \\$aguitar, trumpet, and electronics.
=591  \\$aEditorial review
=610  \0$aMusic, Thought and Technology$926934
=773  \\$tThree States of Wax
=856  \\$3Universal Resource Locator$uhttps://www.instagram.com/p/DCTld99gGsm/?img_index=1
=942  \\$cNWO
=952  \\$00$10$2ddc$40$70$926650$aORPH$bORPH$d2025-05-02$l0$r2025-05-02 16:45:33$w2025-05-02$yNWO
=999  \\$d22704

