=LDR  01026njm a22002657a 4500
=001  22708
=008  240201s2024\\\\||||||||\||||\00|\0\eng\d
=044  \\$aBE
=046  \\$k2024-05-05$l2024-05-05
=100  \\$aParra Cancino, Juan$1http://www.wikidata.org/entity/Q52833571$4Creator$eGuitar, electronics$916990
=111  \\$aRemembering Phill Niblock$cOrpheus Institute, Ghent$d5 May, 2024$gConcert
=245  \\$aGuitar Too, for Four
=260  \\$c2024
=336  \\$aEvent
=366  \\$b2024-05-05
=500  \\$aPerformance of "Guitar Too, for Four" by Phill Niblock.
"Remembering Phill Niblock"event. Different venues in Ghent.
=506  \\$aopen
=509  \\$aFRIS
=520  \\$aGuitar, Electronics
=591  \\$aEditorial review
=610  \0$aMusic, Thought and Technology$926934
=856  \\$3Universal Resource Locator$uhttps://www.youtube.com/watch?v=2vrDPpJgH9o&ab_channel=OrpheusInstituut
=942  \\$cNWO
=952  \\$00$10$2ddc$40$70$926653$aORPH$bORPH$d2025-05-02$l0$r2025-05-02 17:15:59$w2025-05-02$yNWO
=999  \\$d22708

