=LDR  00993njm a22002777a 4500
=001  22709
=008  240201s2024\\\\||||||||\||||\00|\0\eng\d
=044  \\$aBE
=046  \\$k2024-06-27$l2024-06-27
=100  \\$aParra Cancino, Juan$1http://www.wikidata.org/entity/Q52833571$4Creator$eElectronics$916990
=111  \\$aOrpheus Live Series$cKoetshuis Orpheus Institute$d27 June 2024$gConcert
=245  \\$aUsral (E. Radigue)
=260  \\$c2023
=336  \\$aEvent
=366  \\$b2024-06-27
=500  \\$aPerformance of Éliane Radigue's "Usral", as part of the Orpheus Live series.

=506  \\$aopen
=509  \\$aFRIS
=520  \\$aModular Synthesizer
=591  \\$aEditorial review
=610  \0$aMusic, Thought and Technology$926934
=773  \\$tOrpheus Live
=856  \\$3Universal Resource Locator$uhttps://orpheusinstituut.be/en/news-and-events/orpheus-live
=942  \\$cNWO
=952  \\$00$10$2ddc$40$70$926654$aORPH$bORPH$d2025-05-02$l0$r2025-05-02 17:21:03$w2025-05-02$yNWO
=999  \\$d22709

