=LDR  01209njm a22002897a 4500
=001  22711
=008  240201s2024\\\\||||||||\||||\00|\0\eng\d
=044  \\$aDE
=046  \\$k2024-09-16$l2024-09-16
=100  \\$aParra Cancino, Juan$1http://www.wikidata.org/entity/Q52833571$4Creator$eLive Electronics$916990
=111  \\$aPerformance with MusikFabrik$cStudio MusikFabrik, Köln, DE$d16 September 2024$gConcert
=245  \\$aMONTAGSKONZERT – DAL BLU AL VERDE
=246  \1$aMONDAY CONCERT – FROM BLU TO VERDE$bMAANDAGCONCERT – VAN BLAUW TOT VERDE
=260  \\$c2024
=336  \\$aEvent
=366  \\$b2024-09-16
=500  \\$aPerformances with MusikFabrik.  
September 16, 20hrs. Studio MusikFabrik, Cologne, DE
Music by Saariaho, Nono, Kilger and Løffler

=506  \\$aopen
=509  \\$aFRIS
=520  \\$aLive Electronics
=591  \\$aEditorial review
=610  \0$aMusic, Thought and Technology$926934
=773  \\$tMONTAGSKONZERT – DAL BLU AL VERDE
=856  \\$3Universal Resource Locator$uhttps://www.musikfabrik.eu/en/calendar/montagskonzert-dal-blu-al-verde/
=942  \\$cNWO
=952  \\$00$10$2ddc$40$70$926656$aORPH$bORPH$d2025-05-02$l0$r2025-05-02 17:29:19$w2025-05-02$yNWO
=999  \\$d22711

