=LDR  05677nam a22005657a 4500
=001  22731
=005  20251103124736.0
=008  250505s2025\\\\|||gho||\||||\00|\0bger\d
=041  \\$ager$aeng
=100  \\$aWozonig, Thomas$4edt$940132
=245  \\$aKarl Böhm.$bBiografie, Wirken, Rezeption
=260  \\$aMunich$bedition text+kritik$c2025
=300  \\$a612 pages$billustrations, music examples
=504  \\$aIncludes a chronology, contributors' biographies, and indices of names, works, places and institutions
=505  \\$gEinleitung / Thomas Wozonig -- I. Biografie & Karriere -- Marginalien zum Verhältnis von Theorie und Empirie – Karl Böhms Selbstdarstellungen im Lichte der Praxeologie und der Biografieforschung / Andreas Domann -- Einer aus Graz / Harald Haslmayr -- Karl Böhm – Liederkomponist? Zu den 20 Liedern für Singstimme und Klavier / Chanda VanderHart -- »Ich erinnere mich ganz genau«? – Karl Böhms Jahre als Generalmusikdirektor am Hessischen Landestheater Darmstadt (1927-1931) / Ursula Kramer -- Karl Böhm und der Nationalsozialismus / Oliver Rathkolb -- Karl Böhm in Dresden – Blaupause eines Opernmuseums / Moritz Oczko -- »[...] was Böhm einmal mit diesen Werken in Salzburg gewesen ist« – Karl Böhms Spuren in der Salzburger Festspielgeschichte / Thomas Wozonig -- Karl Böhm und die Wiener Staatsoper – Die zweite Direktion (1954-1956) / Michael Kraus -- Karl Böhm und die Bayreuther Festspiele / Paula Schlüter -- Charm Offensive and Autumnal Love Affair – Karl Böhm in London, 1936 and between 1962 and 1980 / Erik Levi -- Böhm und Karajan – Two Careers and a Cohabitation / Richard Osborne -- The Straussian Colossus – Karl Böhm's Advocacy of Richard Strauss's Operas in America / Ryan M. Prendergast -- II. Repertoire & Interpretation -- Ist Karl Böhms Mozart wirklich Wolfgang Amadeus Mozart? / Hartmut Krones -- Neutralitët und Autorität – Karl Böhm und Mozarts Eine kleine Nachtmusik / Julian Caskel -- Auf dem Weg zum »modernen Realismus« – Karl Böhm und Mozarts Opera / Laurenz Lütteken -- Karl Böhmd als Interpret Beethoven'scher Orchestwerke – Selbsverständnis und Umsetzung / Helmut Loos -- Karl Böhm's 1939 Recordings of the Beethoven Piano Concertos op. 37, op. 58, and op. 73 / Arabella Pare -- Durch Mozart geläutert? – Karl Böhms Wagner am Beispiel der Tannhäuser-Ouvertüre (1939 bis 1978) / Arne Stollberg -- Karl Böhm and the Finale of Brahms's Fourth Symphony – A Structuralist Approach? / Martin Elek -- A Hero's Life Performed – Karl Böhm and the Orchestral Music of Richard Strauss / Raymond Holden -- »[...] weithin sichtbar als Markstein in der neuesten Musik- und Opernentwicklung« – Karl Böhm und Alban Bergs Wozzeck sowie Lulu / Peter Revers & Rainer Schwolb -- »Dieser Komponist ist richtig zukunfsträchtig.« – Karl Böhm als Hindemith-Interpret
=600  \0$aBöhm, Karl$d1894-1981$1http://www.wikidata.org/entity/Q84241$925256
=600  \0$aKarajan, Herbert von$d1908-1989$1http://www.wikidata.org/entity/Q154895$940135
=600  \0$aStrauss, Richard$d1864-1949$1http://www.wikidata.org/entity/Q13894$914264
=600  \0$aMozart, Wolfgang Amadeus$d1756-1791$1http://www.wikidata.org/entity/Q254$95341
=600  \0$aBeethoven, Ludwig van$d1770-1827$1http://www.wikidata.org/entity/Q255$95335
=600  \0$aBrahms, Johannes$d1833-1897$1http://www.wikidata.org/entity/Q7294$918198
=600  \0$aWagner, Richard$d1813-1883$1http://www.wikidata.org/entity/Q1511$97120
=600  \0$aBerg, Alban$d1885-1935$1http://www.wikidata.org/entity/Q78475$915987
=600  \0$aHindemith, Paul$d1895-1963$916922
=610  \0$aStaatstheater Darmstadt (Germany)$1http://www.wikidata.org/entity/Q2325343$940133
=610  \0$aSalzburger Festspiele (Austria)$1http://www.wikidata.org/entity/Q256443$939239
=610  \0$aWiener Staatsoper (Vienna, Austria)$1http://www.wikidata.org/entity/Q209937$926091
=610  \0$aBayreuth Festival$1http://www.wikidata.org/entity/Q157596$939838
=648  \0$a20th Century (1901-2000)$1http://www.wikidata.org/entity/Q6927$920936
=650  \0$aConductor$1http://www.wikidata.org/entity/Q158852$93134
=650  \0$aBiography$1http://www.wikidata.org/entity/Q36279$91927
=650  \0$aNational socialism$1http://www.wikidata.org/entity/Q7310$94563
=650  \0$aOrchestral music$1http://www.wikidata.org/entity/Q3328774$924356
=650  \0$aOpera$1http://www.wikidata.org/entity/Q1344 $92468
=650  \0$aLegacy$1http://www.wikidata.org/entity/Q623282$922131
=650  \0$aMusical interpretation$1http://www.wikidata.org/entity/Q1668139$94533
=650  \0$aConcerto$1http://www.wikidata.org/entity/Q9748$921817
=650  \0$aPiano$1http://www.wikidata.org/entity/Q5994$1http://www.wikidata.org/entity/Q1521313$92127
=651  \0$aGraz (Austria)$1http://www.wikidata.org/entity/Q13298$922170
=651  \0$aDarmstadt (Germany)$1http://www.wikidata.org/entity/Q2973$921595
=651  \0$aDresden (Germany)$1http://www.wikidata.org/entity/Q1731$947
=651  \0$aSalzburg (Austria)$1http://www.wikidata.org/entity/Q34713$921433
=651  \0$aVienna (Austria)$1http://www.wikidata.org/entity/Q1741$920937
=651  \0$aBayreuth (Germany)$1http://www.wikidata.org/entity/Q3923$925135
=651  \0$aLondon (United Kingdom)$1http://www.wikidata.org/entity/Q84$9123
=651  \0$aUSA$1http://www.wikidata.org/entity/Q30$943
=700  1\$aPare, Arabella$1https://orcid.org/0009-0005-4025-7227$4ctb$927042
=942  \\$cBOO
=952  \\$00$10$2ddc$40$6BIO_BOHM_D$70$8BIO$926657$aORPH$bORPH$cKTS1_P$d2025-03-31$g48.00$l0$oBIO BOHM d$p20132429$r2025-05-05 10:55:18$w2025-05-05$yBOO
=999  \\$d22731

