=LDR  01026ncm a2200253 cb4500
=001  22822
=005  20250926134859.0
=008  090904s1981\\\\xx\||l|\\||||||||\|\mul\d
=020  \\$a3761806612
=041  \\$ager$aeng
=100  \\$aBach, Johann Sebastian$d1685-1750$1http://www.wikidata.org/entity/Q1339$4cmp$94766
=240  10$aOrgel-Büchlein
=245  10$aOrgelbüchlein$bBWV 599-644
=250  \\$aFacs. ed.
=260  \\$aKassel$bBärenreiter$c1981
=300  \\$a31-181 pages
=490  \\$aDocumenta musicologica : Reihe 2, Handschriften-Faksimiles$v11
=648  \0$a18th Century (1701-1800)$1http://www.wikidata.org/entity/Q7015$920899
=650  \0$aOrgan music$1http://www.wikidata.org/entity/Q116958279$91951
=650  \0$aChorale$1http://www.wikidata.org/entity/Q724473$921334
=700  1\$aLöhlein, Heinz-Harald$4edt$940183
=942  \\$cSCO
=952  \\$00$10$2ddc$40$6SCO_S_BACH1$70$8SCO$926677$aORPH$bORPH$cKTS1_H$d2025-05-12$eKoopman$i14B47$l0$oSCO S BACH1$p20124595$r2025-05-12 15:08:20$w2025-05-12$ySCO
=999  \\$d22822

