=LDR  00984ncm a22002297a 4500
=001  22823
=005  20250926134859.0
=008  250512b\\\\\\\\|||||l||\||||\00|\0\ger\d
=041  \\$ager
=059  \\$avc
=100  \\$aBach, Johann Sebastian$d1685-1750$1http://www.wikidata.org/entity/Q1339$4cmp$94766
=245  \\$a6 Suites:$bVioloncello solo
=250  \\$afacs. ed.
=260  \\$aMunchen$aBasel$bReinhardt$cs.d.
=300  \\$a[38] pages
=590  \\$aVerkleinerte Facsimile-Ausgabe nach der Handschrift von Anna Magdalena Bach
=650  \0$aSuite$1http://www.wikidata.org/entity/Q203005$921718
=650  \0$aCello$1http://www.wikidata.org/entity/Q8371$92688
=942  \\$cSCO
=952  \\$00$10$2ddc$40$6SCO_S_BACH1$70$8SCO$926678$aORPH$bORPH$cKTS1_H$d2025-05-12$l0$oSCO S BACH1$p20134580$r2025-05-12 16:03:32$w2025-05-12$ySCO
=952  \\$00$10$2ddc$40$6SCO_S_BACH1$70$8SCO$926679$aORPH$bORPH$cKTS1_H$d2025-05-12$l0$oSCO S BACH1$p20134581$r2025-05-12 16:03:32$w2025-05-12$ySCO
=999  \\$d22823

