=LDR  01105nam a22002777a 4500
=001  22824
=005  20250925143312.0
=008  250513s2013\\\\|||o||||\||||\00|\0bmul\d
=041  \\$afre$adut
=245  \\$aWitold Lutoslawski
=260  \\$aBrussels$bPolish institute$c2013
=300  \\$a62-[29] pages
=600  \0$aLutosławski, Witold$d1913-1994$1http://www.wikidata.org/entity/Q156472$918418
=648  \0$a20th Century (1901-2000)$1http://www.wikidata.org/entity/Q6927$920936
=650  \0$aComposer$1http://www.wikidata.org/entity/Q36834$93625
=650  \0$aBiography$1http://www.wikidata.org/entity/Q36279$91927
=700  1\$aGwizdalanka, Danuta$4aut$940188
=700  \\$aBodman Rae, Charles$4aut$940189
=700  1\$aReyland, Nicholas W.$4aut$940190
=700  1\$aSkowron, Zbigniew$4aut$940191
=700  \\$aThomas, Adrian$4aut$940192
=700  1\$aLambert, Jérémy$4edt$940193
=700  1\$aWiniarska, Maria$4edt$940195
=942  \\$cBOO
=952  \\$00$10$2ddc$40$6BIO_LUTO_D$70$8BIO$926680$aORPH$bORPH$cKTS1_P$d2025-05-13$l0$oBIO LUTO d$p20139190$r2025-05-13 12:10:03$w2025-05-13$yBOO
=999  \\$d22824

