=LDR  00644ncm a22001697i 4500
=001  22825
=008  030325s1978\\\\it\mul\|||\\\\\\\\\\ita|c
=041  \7$aita
=100  \\$aBanchieri, Adriano$d1568-1634$1http://www.wikidata.org/entity/Q347804$4aut$95930
=245  13$aL' organo suonarino
=250  \\$afacs. ed.
=260  \\$aSala Bolognese$bForni$c1978
=300  \\$a118-77 pages
=700  \\$aCattin, Giulio$1http://www.wikidata.org/entity/Q3769543$4win$919024
=942  \\$cBOO
=952  \\$00$10$2ddc$40$6SCO_S_BANC1$70$8SCO$926681$aORPH$bORPH$cKTS1_H$d2025-05-13$eKoopman$i14B07$l0$oSCO S BANC1$p20124685$r2025-05-13 13:13:23$w2025-05-13$yBOO
=999  \\$d22825

