=LDR  00819ncm a2200193 cb4500
=001  22828
=008  930622s1963\\\\xx\||l|\\||||||||\|\eng\d
=041  0\$ager
=100  \\$aBach, Johann Christian$d1735-1782$1http://www.wikidata.org/entity/Q106641$4cmp$914631
=240  \\$aKonzertante Sinfonien
=245  \\$aThe Concerted Symphonies of John Christian Bach:$b3 Symphonies in Score
=260  \\$aTallahassee$bFlorida State University$c1963
=300  \\$a205 pages
=490  \\$aFlorida State University studies$v37
=650  \0$aSymphony$1http://www.wikidata.org/entity/Q9734$92527
=700  1\$aWhite, Joseph A.$d1918-1999$4edt$940205
=942  \\$cSCO
=952  \\$00$10$2ddc$40$6SCO_S_BACH3$70$8SCO$926684$aORPH$bORPH$cKTS1_H$d2025-05-13$eKoopman$iW743$l0$oSCO S BACH3$p20121635$r2025-05-13 15:35:08$w2025-05-13$ySCO
=999  \\$d22828

