=LDR  00873ncm a22001937i 4500
=001  22829
=008  090421r19871710fr\mu\\|||\\\\\\\\\\mul|c
=041  \\$afre$aeng$ager
=100  \\$aLa Barre, Michel de$dc. 1675-1745$1http://www.wikidata.org/entity/Q1399777$4aut$95172
=240  10$aSuites, flauto, basso continuo, libro 2
=245  10$aDeuxième livre de pièces pour la flute traversière avec la basse continue
=250  \\$afacs. ed.
=260  \\$aCourlay$bFuzeau$c1987
=300  \\$a15-53 pages$coblong
=650  \0$aFlute$1http://www.wikidata.org/entity/Q11405$1http://www.wikidata.org/entity/Q209554$921276
=650  \0$aBasso continuo$1http://www.wikidata.org/entity/Q724321$921065
=942  \\$cSCO
=952  \\$00$10$2ddc$40$6SCO_S_BARR$70$8SCO$926685$aORPH$bORPH$cKTS1_H$d2025-05-13$eKoopman$i14B06$l0$oSCO S BARR$p20124645$r2025-05-13 16:14:06$w2025-05-13$ySCO
=999  \\$d22829

