=LDR  00919ncm a2200193 cb4500
=001  22831
=008  870612s1980\\\\xx\||l|\\||||||||\|\ita\d
=041  0\$aita$afre
=100  \\$aLa Barre, Michel de$dc. 1675-1745$1http://www.wikidata.org/entity/Q1399777$4cmp$95172
=245  10$aDeuxième et huitième livre pour la flûte traversière avec la basse
=260  \\$aFlorence$bStudio per edizioni Scelte$c1980
=300  \\$a53-11 pages
=490  \\$aArchivum musicum / L'art de la flûte traversière$v13
=500  \\$aReprint of the Paris 1710-1722 edition
=650  \0$aFlute$1http://www.wikidata.org/entity/Q11405$1http://www.wikidata.org/entity/Q209554$921276
=650  \0$aBasso continuo$1http://www.wikidata.org/entity/Q724321$921065
=942  \\$cSCO
=952  \\$00$10$2ddc$40$6SCO_S_BARR$70$8MTP$926687$aORPH$bORPH$cKTS1_H$d2025-05-13$eKoopman$i13D66$l0$oSCO S BARR$p20126076$r2025-05-13 16:23:46$w2025-05-13$ySCO
=999  \\$d22831

