=LDR  01183ncm a22002411i 4500
=001  22836
=008  040101s1721\\\\xxkmua\|||\\\\\\\\\\ita|c
=041  \7$aita
=059  \\$avv 2vn bc
=100  \\$aBononcini, Giovanni$d1670-1747$1http://www.wikidata.org/entity/Q315241$4cmp$99772
=245  10$aCantate e duetti
=250  \\$afacs. ed.
=260  \\$aBasel$bEbner$bMusik-Akademie Basel$cs.d.
=300  \\$a99 pages
=500  \\$aComprises 6 cantatas for soprano, 6 for contralto, a duet for soprano and contralto, and a duet for 2 contraltos; accompaniment for one or two treble instruments (sometimes specified as 2 violins) and continuo.
=590  \\$adedicati alla sacra maesta di Giorgio re della Gran Bretagna
=648  \0$a18th Century (1701-1800)$1http://www.wikidata.org/entity/Q7015$920899
=650  \0$aCantata$1http://www.wikidata.org/entity/Q174873$921603
=650  \0$aDuet$1http://www.wikidata.org/entity/Q109940$92394
=651  \0$aItaly$1http://www.wikidata.org/entity/Q38$922
=942  \\$cSCO
=952  \\$00$10$2ddc$40$6SCO_S_BONO2$70$8SCO$926700$aORPH$bORPH$cKTS1_H$d2025-05-20$eKoopman$i14C27$l0$oSCO S BONO2$p20126193$r2025-05-20 15:06:39$w2025-05-20$ySCO
=999  \\$d22836

