=LDR  00880ncm a22001937a 4500
=001  22837
=008  250520r19701722|||||l||\||||\00|\0\ita\d
=041  \\$aita
=100  \\$aBononcini, Giovanni$d1670-1747$1http://www.wikidata.org/entity/Q315241$4cmp$99772
=245  \\$aDivertimenti da camera :$btraddotti pel cembalo da quelli composti pel violino o flauto
=250  \\$afacs. ed.
=260  \\$aAmsterdam$aMechelen$aLeuven$bHeuwekemeyer$bDe Monte$c1970
=300  \\$a[42] pages
=650  \0$aDivertimento$1http://www.wikidata.org/entity/Q647653$921328
=650  \0$aArrangement$1http://www.wikidata.org/entity/Q379755$94282
=650  \0$aHarpsichord$1http://www.wikidata.org/entity/Q81982$92125
=942  \\$cSCO
=952  \\$00$10$2ddc$40$6SCO_S_BONO2$70$8SCO$926701$aORPH$bORPH$cKTS1_H$d2025-05-20$eKoopman$i14C28$l0$oSCO S BONO2$p20126192$r2025-05-20 15:16:40$w2025-05-20$ySCO
=999  \\$d22837

