=LDR  01393ncm a22002657a 4500
=001  22838
=008  250520r19921706|||||le|\||||\00|\0\mul\d
=020  \\$a9068530712
=041  \\$afre$aeng
=100  1\$aBingham, George$4cmp$4col$940239
=240  \\$a(170) Airs Anglois Choisis & mis en ordre ou composés par George Bingham
=245  \\$a50 airs Anglois :$bà un Dessus seul, à 2 Dessus, à un Dessus & une Basse
=250  \\$afacs. ed.
=260  \\$aPeer$bAlamire$c1992
=300  \\$a2 vols. (31+17 pages)
=490  \\$aBrussels Royal Conservatory of Music Series$v5
=648  \0$a17th Century (1601-1700)$1http://www.wikidata.org/entity/Q7016$920923
=648  \0$a18th Century (1701-1800)$1http://www.wikidata.org/entity/Q7015$920899
=650  \0$aAir$1http://www.wikidata.org/entity/Q406714$924073
=650  \0$aFlute$1http://www.wikidata.org/entity/Q11405$1http://www.wikidata.org/entity/Q209554$921276
=650  \0$aBasso continuo$1http://www.wikidata.org/entity/Q724321$921065
=942  \\$cSCO
=952  \\$00$10$2ddc$3Flute solo + primo$40$6SCO_S_BING$70$8SCO$926702$aORPH$bORPH$cKTS1_H$d2025-05-20$eKoopman$i13I19_01$l0$oSCO S BING$p20144208$r2025-05-20 17:00:33$w2025-05-20$ySCO
=952  \\$00$10$2ddc$3Flute secondo + basso$40$6SCO_S_BING$70$8SCO$926703$aORPH$bORPH$cKTS1_H$d2025-05-20$eKoopman$i13I19_01$l0$oSCO S BING$p20126393$r2025-05-22 10:36:38$w2025-05-20$ySCO
=999  \\$d22838

