=LDR  01391ncm a22002657a 4500
=001  22839
=008  250522r19931706|||||le|\||||\00|\0\mul\d
=020  \\$a9068530771
=041  \\$afre$aeng
=100  1\$aBingham, George$4cmp$4col$940239
=240  \\$a(170) Airs Anglois Choisis & mis en ordre ou composés par George Bingham
=245  \\$a40 airs Anglois & Trois Sonates :$bà un Dessus & une Basse, à 2 Dessus
=250  \\$afacs. ed.
=260  \\$aPeer$bAlamire$c1993
=300  \\$a2 vols. (38+30 pages)
=490  \\$aBrussels Royal Conservatory of Music Series$v6
=648  \0$a17th Century (1601-1700)$1http://www.wikidata.org/entity/Q7016$920923
=648  \0$a18th Century (1701-1800)$1http://www.wikidata.org/entity/Q7015$920899
=650  \0$aAir$1http://www.wikidata.org/entity/Q406714$924073
=650  \0$aFlute$1http://www.wikidata.org/entity/Q11405$1http://www.wikidata.org/entity/Q209554$921276
=650  \0$aBasso continuo$1http://www.wikidata.org/entity/Q724321$921065
=942  \\$cSCO
=952  \\$00$10$2ddc$3Fluto + fluto primo$40$6SCO_S_BING$70$8SCO$926704$aORPH$bORPH$cKTS1_H$d2025-05-22$eKoopman$i13I19_02$l0$oSCO S BING$p20144209$r2025-05-22 11:21:04$w2025-05-22$ySCO
=952  \\$00$10$2ddc$3Basso + fluto secondo$40$6SCO_S_BING$70$8SCO$926705$aORPH$bORPH$cKTS1_H$d2025-05-22$eKoopman$i13I19_02$l0$oSCO S BING$p20126392$r2025-05-22 11:23:07$w2025-05-22$ySCO
=999  \\$d22839

