=LDR  01346ncm a22002657a 4500
=001  22840
=008  250522r19941706|||||le|\||||\00|\0\mul\d
=020  \\$a9068530879
=041  \\$afre$aeng
=100  1\$aBingham, George$4cmp$4col$940239
=240  \\$a(170) Airs Anglois Choisis & mis en ordre ou composés par George Bingham
=245  \\$a40 airs Anglois :$bpour la Flute à un Dessus & une Basse
=250  \\$afacs. ed.
=260  \\$aPeer$bAlamire$c1994
=300  \\$a2 vols. (27+23 pages)
=490  \\$aBrussels Royal Conservatory of Music Series$v7
=648  \0$a17th Century (1601-1700)$1http://www.wikidata.org/entity/Q7016$920923
=648  \0$a18th Century (1701-1800)$1http://www.wikidata.org/entity/Q7015$920899
=650  \0$aAir$1http://www.wikidata.org/entity/Q406714$924073
=650  \0$aFlute$1http://www.wikidata.org/entity/Q11405$1http://www.wikidata.org/entity/Q209554$921276
=650  \0$aBasso continuo$1http://www.wikidata.org/entity/Q724321$921065
=942  \\$cSCO
=952  \\$00$10$2ddc$3Fluto$40$6SCO_S_BING$70$8SCO$926706$aORPH$bORPH$cKTS1_H$d2025-05-22$eKoopman$i13I19_03$l0$oSCO S BING$p20144210$r2025-05-22 11:29:22$w2025-05-22$ySCO
=952  \\$00$10$2ddc$3Basso$40$6SCO_S_BING$70$8SCO$926707$aORPH$bORPH$cKTS1_H$d2025-05-22$eKoopman$i13I19_03$l0$oSCO S BING$p20126391$r2025-05-22 11:29:22$w2025-05-22$ySCO
=999  \\$d22840

