=LDR  00941ncm a22002177i 4500
=001  22842
=008  950602r19711667it\\\ld|||\\\\\\\\\\ita|c
=041  \7$aita
=100  \\$aBononcini, Giovanni Maria$d1642-1678$1http://www.wikidata.org/entity/Q957648$4cmp$98968
=245  10$aSonate da camera e da ballo, A 1. 2. 3 è 4. :$bopera seconda
=250  \\$afacs. ed.
=260  \\$aBologna$bA.M.I.S.$c1971
=300  \\$a36+37+34 pages
=490  \\$aMonumenta musica mutinensia$v10
=650  \0$aSonata$1http://www.wikidata.org/entity/Q131269$921653
=650  \0$aViolin$1http://www.wikidata.org/entity/Q8355$92783
=650  \0$aViolone$1http://www.wikidata.org/entity/Q667047$921878
=650  \0$aBasso continuo$1http://www.wikidata.org/entity/Q724321$921065
=942  \\$cSCO
=952  \\$00$10$2ddc$40$6SCO_S_BONO1$70$8SCO$926710$aORPH$bORPH$cKTS1_H$d2025-05-22$eKoopman$i14C42$l0$oSCO S BONO1$p20126174$r2025-05-22 12:18:41$w2025-05-22$ySCO
=999  \\$d22842

