=LDR  01313ccm a22002291a 4500
=001  22844
=008  250522s1989\\\\enkmoa\\\z\\\\\n\\\\lat\\
=020  \\$a0852493673
=040  \\$aOI
=041  1\$aeng$dlat
=100  \\$aByrd, William$d1539/40-1623$1http://www.wikidata.org/entity/Q208375$4cmp$910065
=245  10$aGradualia (1605):$bThe Marian Masses
=260  \\$aLondon$bStainer & Bell$aNew York$bGalaxy Music Corp.$c1989
=300  \\$axlii-177 pages
=490  \\$aThe Byrd edition$v5
=520  \\$aAs Byrd emphasised in his precise description of their contents, Gradualia is primarily a collection of pieces proper to the Mass and most of the chief feasts of the Roman Catholic calendar. This volume contains the first sections of Book 1, in which the composer attempted to cover all the occasions when a Marian Mass was required, either on feast days of the Virgin or for the customary Saturday observance of the Votive Mass.
=648  \0$a16th Century (1501-1600)$1http://www.wikidata.org/entity/Q7017$920944
=650  \0$aGradual$1http://www.wikidata.org/entity/Q849305$921411
=700  \\$aBrett, Philip$910069$4edt
=942  \\$cSCO
=952  \\$00$10$2ddc$40$6SCO_S_BYRD$70$8SCO$926712$aORPH$bORPH$cKTS1_H$d2025-05-22$eKoopman$iW1347$l0$oSCO S BYRD$p20121795$r2025-05-22 15:35:06$w2025-05-22$ySCO
=999  \\$d22844

