=LDR  01265ccm a22002411a 4500
=001  22845
=008  250522s1983\\\\enkmoa\\\z\\\\\n\\\\eng\\
=020  \\$a0852493738
=040  \\$aOI
=041  1\$aeng
=100  \\$aByrd, William$d1539/40-1623$1http://www.wikidata.org/entity/Q208375$4cmp$910065
=245  10$aThe English Anthems
=260  \\$aLondon$bStainer & Bell$aNew York$bGalaxy Music Corp.$c1983
=300  \\$axvi-227 pages
=490  \\$aThe Byrd edition$v11
=520  \\$aThe composition of Anglican church music was never one of Byrd’s priorities, but his anthems on English texts remained in favour long after his death, and for two centuries were the works by which his name was remembered. Full and verse anthems are included in this volume, with anthems from secular sources and fragmentary and doubtful works also collected.
=648  \0$a16th Century (1501-1600)$1http://www.wikidata.org/entity/Q7017$920944
=650  \0$aAnthem$1http://www.wikidata.org/entity/Q541947$92161
=700  \\$aMonson, Craig A.$910066$4edt
=700  \\$aBrett, Philip$910069$4edt
=942  \\$cSCO
=952  \\$00$10$2ddc$40$6SCO_S_BYRD$70$8SCO$926713$aORPH$bORPH$cKTS1_H$d2025-05-22$eKoopman$iW1347$l0$oSCO S BYRD$p20121791$r2025-05-22 15:48:16$w2025-05-22$ySCO
=999  \\$d22845

