=LDR  01024ncm a22002177i 4500
=001  22851
=008  140116s2014\\\\gw\mu\\|||\\\\\\\\\\mul|c
=020  \\$a9783890077772
=041  \7$ager$aeng
=100  \\$aBrahms, Johannes$d1833-1897$1http://www.wikidata.org/entity/Q7294$4cmp$918198
=245  10$aWiegenlied :$b"Guten Abend, gut' Nacht", Opus 49, Nr. 4
=260  \\$aLaaber$bLaaber$c2014
=300  \\$a14-[6] pages$coblong
=590  \\$aFaksimile nach dem Autograph des Glinka-Nationalmuseums für Musikkultur, Moskau
=650  \0$aLullaby$1http://www.wikidata.org/entity/Q193605$922092
=650  \0$aPiano$1http://www.wikidata.org/entity/Q5994$1http://www.wikidata.org/entity/Q1521313$92127
=700  1\$aFassbaender, Brigitte$4win$940242
=700  \\$aSandberger, Wolfgang$d1961-$1http://www.wikidata.org/entity/Q83487968$4win$914877
=942  \\$cSCO
=952  \\$00$10$2ddc$40$6SCO_S_BRAH$70$8SCO$926719$aORPH$bORPH$cKTS1_H$d2025-05-22$eKoopman$i13J22$l0$oSCO S BRAH$p20124991$r2025-05-22 17:12:25$w2025-05-22$ySCO
=999  \\$d22851

