=LDR  01024ncm a2200217 c 4500
=001  22852
=008  970421s1993\\\\xx\||le\\||||||||\|\fre\d
=020  \\$a290540096X
=041  \\$afre
=100  1\$aCaix d'Hervelois, Louis de$d1677-1759$4cmp
=245  10$aPremier livre de pièces de viole avec la basse continuë
=250  \\$afacs. ed.
=260  \\$aBéziers$bSociété de Musicologie de Languedoc$c1993
=300  \\$a2 vols. ([vi]-61+[iii]-32 pages)
=648  \0$a18th Century (1701-1800)$1http://www.wikidata.org/entity/Q7015$920899
=650  \0$aViol$1http://www.wikidata.org/entity/Q40125$94621
=650  \0$aBasso continuo$1http://www.wikidata.org/entity/Q724321$921065
=942  \\$cSCO
=952  \\$00$10$2ddc$3Viol$40$6SCO_S_CAIX$70$8SCO$926720$aORPH$bORPH$cKTS1_H$d2025-05-26$eKoopman$l0$oSCO S CAIX$p20124931$r2025-05-26 12:15:46$w2025-05-26$ySCO
=952  \\$00$10$2ddc$3Bc$40$6SCO_S_CAIX$70$8SCO$926721$aORPH$bORPH$cKTS1_H$d2025-05-26$eKoopman$l0$oSCO S CAIX$p20124930$r2025-05-26 12:15:46$w2025-05-26$ySCO
=999  \\$d22852

