=LDR  01020ncm a22002297a 4500
=001  22854
=008  250527r19931699|||||a||\||||\00|\0\fre\d
=020  \\$a2905400978
=041  \\$afre
=100  \\$aCampra, André$d1660-1744$1http://www.wikidata.org/entity/Q313860$4cmp$95039
=245  \\$aLe carnaval de Venise.$bBallet
=250  \\$afacs. ed.
=260  \\$aBéziers$bSociété de musicologie de Languedoc$c1993
=300  \\$a[ii]-lii-286-[3] pages
=500  \\$aReprint from the original version in the 'Bibliothèque municipale de Toulouse'.
=648  \0$a17th Century (1601-1700)$1http://www.wikidata.org/entity/Q7016$920923
=650  \0$aBallet$1http://www.wikidata.org/entity/Q41425$94412
=650  \0$aOpera$1http://www.wikidata.org/entity/Q1344 $92468
=651  \0$aParis (France)$1http://www.wikidata.org/entity/Q90$9160
=942  \\$cSCO
=952  \\$00$10$2ddc$40$6SCO_S_CAMP2$70$8SCO$926724$aORPH$bORPH$cKTS1_H$d2025-05-27$eKoopman$i13G21$l0$oSCO S CAMP2$p20124929$r2025-05-27 10:38:35$w2025-05-27$ySCO
=999  \\$d22854

