=LDR  00993ncm a2200229 c 4500
=001  22856
=008  250527s19731614xx\\\\\\\||||\00|||\eng\d
=020  \\$a0859671305
=041  0\$aeng
=100  \\$aCampion, Thomas$d1567-1620$1http://www.wikidata.org/entity/Q455618$4aut$910089
=245  10$aThe Masque at the Earl of Somerset's Marriage
=250  \\$afacs. ed.
=260  \\$aMenston, Yorkshire$aLondon$bScolar press$c1973
=300  \\$a[34] pages
=648  \0$a17th Century (1601-1700)$1http://www.wikidata.org/entity/Q7016$920923
=650  \0$aMasque$1http://www.wikidata.org/entity/Q2207959$923174
=650  \0$aMusic theater$1http://www.wikidata.org/entity/Q96394452$92065
=651  \0$aLondon (United Kingdom)$1http://www.wikidata.org/entity/Q84$9123
=700  \\$aHolman, Peter$d1946-$4win$911649
=942  \\$cSCO
=952  \\$00$10$2ddc$40$6SCO_S_CAMP1$70$8SCO$926726$aORPH$bORPH$cKTS1_H$d2025-05-27$eKoopman$i14C40$l0$oSCO S CAMP1$p20126176$r2025-05-27 11:33:36$w2025-05-27$ySCO
=999  \\$d22856

