=LDR  00944ncm a22002177a 4500
=001  22857
=008  250527r19921711|||||a||\||||\00|\0\fre\d
=020  \\$a2905400870
=041  \\$afre
=100  \\$aCampra, André$d1660-1744$1http://www.wikidata.org/entity/Q313860$4cmp$95039
=245  \\$aTancrede.$bTragedie
=250  \\$afacs. ed.
=260  \\$aBéziers$bSociété de musicologie de Languedoc$c1992
=300  \\$a[xiii]-xlix-291-[2] pages
=500  \\$aReprint from the original version in the 'Bibliothèque municipale de Toulouse'.
=648  \0$a18th Century (1701-1800)$1http://www.wikidata.org/entity/Q7015$920899
=650  \0$aOpera$1http://www.wikidata.org/entity/Q1344 $92468
=651  \0$aParis (France)$1http://www.wikidata.org/entity/Q90$9160
=942  \\$cSCO
=952  \\$00$10$2ddc$40$6SCO_S_CAMP2$70$8SCO$926727$aORPH$bORPH$cKTS1_H$d2025-05-27$eKoopman$i13G22$l0$oSCO S CAMP2$p20124928$r2025-05-27 11:43:32$w2025-05-27$ySCO
=999  \\$d22857

