=LDR  00943ncm a22002051ib4500
=001  22858
=008  010109s1951\\\\fr\||l|||\\\\|||||\|fre|c
=041  \7$afre
=100  1\$aCanteloube, Joseph$d1879-1957$4edt$940260
=245  13$aAnthologie des chants populaires français$nvol. 4
=260  \\$aParis$bDurand$c1951
=300  \\$a481 pages
=590  \\$agroupés et présentés par Pays ou Provinces : Flandre, Artois, Picardie, Champagne, Ile-de-France, Orleanais, Touraine, Anjou, Maine, Normandie, Bretagne
=650  \0$aSong$1http://www.wikidata.org/entity/Q7366$94164
=650  \0$aPopular music$1http://www.wikidata.org/entity/Q373342$922015
=651  \0$aFrance$1http://www.wikidata.org/entity/Q142$9131
=651  \0$aBelgium$1http://www.wikidata.org/entity/Q31$920881
=942  \\$cBOO
=952  \\$00$10$2ddc$40$6SCO_S_CANT$70$8SCO$926728$aORPH$bORPH$cKTS1_H$d2025-05-27$l0$oSCO S CANT$p20144211$r2025-05-27 12:03:20$w2025-05-27$yBOO
=999  \\$d22858

