=LDR  00955ncm a2200217 c 4500
=001  22859
=008  980608s1708\\\\xx\||l|\\||||||||\|\freod
=041  \\$afre
=100  \\$aCampra, André$d1660-1744$1http://www.wikidata.org/entity/Q313860$4cmp$95039
=245  10$aMotets a I, II et III voix :$csans symphonie, et avec symphonie$nvol. 4
=250  \\$afacs. ed.
=260  \\$aMichigan$bMichael Lynn$cs.d.
=300  \\$a[ii]-152-[2] pages
=490  \\$aEarly Music Facsimiles
=500  \\$aPrinted from the collection of the University of Michigan.
=648  \0$a18th Century (1701-1800)$1http://www.wikidata.org/entity/Q7015$920899
=650  \0$aMotet$1http://www.wikidata.org/entity/Q188285$92028
=651  \0$aParis (France)$1http://www.wikidata.org/entity/Q90$9160
=942  \\$cSCO
=952  \\$00$10$2ddc$40$6SCO_S_CAMP2$70$8SCO$926729$aORPH$bORPH$cKTS1_H$d2025-05-27$eKoopman$i14C22$l0$oSCO S CAMP2$p20126199$r2025-05-27 12:16:37$w2025-05-27$ySCO
=999  \\$d22859

