=LDR  01258ncm a22002417i 4500
=001  22860
=008  050721r19791662it\mu\e|||\\\\\\\\\\ita|c
=041  \7$aita
=100  \\$aCazzati, Maurizio$d1616-1678$1http://www.wikidata.org/entity/Q1387014$4aut$910150
=245  10$aCorrenti e balletti per spinetta leuto o tiorba ouero violino e violone :$bBologna 1662
=250  \\$afacs. ed.
=260  \\$aFlorence$bStudio per edizioni Scelte$c1979
=300  \\$a2 vols. (31+16 pages)
=490  \\$aArchivum musicum : collana di testi rari$v25
=648  \0$a17th Century (1601-1700)$1http://www.wikidata.org/entity/Q7016$920923
=650  \0$aInstrumental music$1http://www.wikidata.org/entity/Q639197$92106
=650  \0$aCourante$1http://www.wikidata.org/entity/Q664056$922190
=650  \0$aBallet$1http://www.wikidata.org/entity/Q41425$94412
=700  1\$aAlvini, Laura$4win$940263
=942  \\$cSCO
=952  \\$00$10$2ddc$3partitura$40$6SCO_S_CAZZ$70$8SCO$926730$aORPH$bORPH$cKTS1_H$d2025-05-27$eKoopman$i14D19a$l0$oSCO S CAZZ$p20124673$r2025-05-27 12:29:49$w2025-05-27$ySCO
=952  \\$00$10$2ddc$3violino secondo$40$6SCO_S_CAZZ$70$8SCO$926731$aORPH$bORPH$cKTS1_H$d2025-05-27$eKoopman$i14D19b$l0$oSCO S CAZZ$p20124672$r2025-05-27 12:29:49$w2025-05-27$ySCO
=999  \\$d22860

