=LDR  01463ncm a22002657a 4500
=001  22861
=008  250527r19781695|||||le|\||||\00|\0\ita\d
=020  \\$a8485531000
=041  \\$aita
=100  1\$aCastro, Francisco José de$4cmp$940266
=245  \\$aTrattenimenti armonici da camera :$ba trè : due violini, violoncello, ò cembalo
=250  \\$afacs. ed.
=260  \\$aMadrid$bSeminario de Estudios de la Musica Antigua$c1978
=300  \\$a3 vols. (33+33+33 pages)
=648  \0$a17th Century (1601-1700)$1http://www.wikidata.org/entity/Q7016$920923
=650  \0$aChamber music$1http://www.wikidata.org/entity/Q189201$92105
=650  \0$aViolin$1http://www.wikidata.org/entity/Q8355$92783
=650  \0$aCello$1http://www.wikidata.org/entity/Q8371$92688
=650  \0$aHarpsichord$1http://www.wikidata.org/entity/Q81982$92125
=700  \\$aMadrid, Antonio Martinez$4edt$940267
=942  \\$cSCO
=952  \\$00$10$2ddc$3Violino primo$40$6SCO_S_CAST2$70$8SCO$926732$aORPH$bORPH$cKTS1_H$d2025-05-27$eKoopman$i14C06a$l0$oSCO S CAST2$p20126219$r2025-05-27 14:22:36$w2025-05-27$ySCO
=952  \\$00$10$2ddc$3Violino secondo$40$6SCO_S_CAST2$70$8SCO$926733$aORPH$bORPH$cKTS1_H$d2025-05-27$eKoopman$i14C06b$l0$oSCO S CAST2$p20126218$r2025-05-27 14:22:36$w2025-05-27$ySCO
=952  \\$00$10$2ddc$3Violone, ò cembalo$40$6SCO_S_CAST2$70$8SCO$926734$aORPH$bORPH$cKTS1_H$d2025-05-27$eKoopman$i14C06c$l0$oSCO S CAST2$p20126217$r2025-05-27 14:22:36$w2025-05-27$ySCO
=999  \\$d22861

