=LDR  00903ncm a22002177i 4500
=001  22865
=005  20251008112542.0
=008  250527s1974\\\\is\mu\\|||\\\\\\\\\\mul|c
=041  \\$afre$aeng$aheb
=100  \\$aCasseres, Abraham$4aut$940270
=245  10$aLe-el elîm:$cCantata
=260  \\$aTel Aviv$bIsrael music publications$c1974
=300  \\$a19 pages
=490  \\$aOeuvres du répertoire de la communauté portugaise d'Amsterdam
=490  \\$aEarly Hebrew art music
=648  \0$a18th Century (1701-1800)$1http://www.wikidata.org/entity/Q7015$920899
=650  \0$aCantata$1http://www.wikidata.org/entity/Q174873$921603
=700  \\$aAdler, Israel$d1925-2009$1http://www.wikidata.org/entity/Q358179$4edt$99044
=942  \\$cSCO
=952  \\$00$10$2ddc$40$6SCO_S_CASS1$70$8SCO$926738$aORPH$bORPH$cKTS1_H$d2025-05-27$eKoopman$iW458-3$l0$oSCO S CASS1$p20121672$r2025-05-27 16:49:45$w2025-05-27$ySCO
=999  \\$d22865

