=LDR  01132nam a22002417a 4500
=001  22867
=008  250604s1997\\\\|||a||||\b|||\00|\0\eng\d
=020  \\$a0948170107
=041  \\$aeng
=100  \\$aHunter, David$4aut$940307
=245  \\$aOpera and song books published in England 1703-1726 : $bA descriptive bibliography
=260  \\$aLondon$bBibliographical Society$c1997
=300  \\$axlix-521 pages
=648  \0$a17th Century (1601-1700)$1http://www.wikidata.org/entity/Q7016$920923
=650  \0$aVocal music$1http://www.wikidata.org/entity/Q685884$93319
=650  \0$aBook$1http://www.wikidata.org/entity/Q571$92285
=650  \0$aSong$1http://www.wikidata.org/entity/Q7366$94164
=650  \0$aOpera$1http://www.wikidata.org/entity/Q1344 $92468
=650  \0$aBibliography$1http://www.wikidata.org/entity/Q134995$93965
=651  \0$aUnited Kingdom$1http://www.wikidata.org/entity/Q21$1http://www.wikidata.org/entity/Q145$9273
=942  \\$cBOO
=952  \\$00$10$2ddc$40$6BIB_4_000000000000000_GB_5$70$8BIB$926742$aORPH$bORPH$cKTS0$d2025-06-04$eKoopman$i37A18$l0$oBIB4 GB 5$p20120617$r2025-06-04 11:35:21$w2025-06-04$yBOO
=999  \\$d22867

