=LDR  01177ncm a22002177a 4500
=001  22869
=008  250605r20001686|||||l||\||||\00|\0\eng\d
=041  \\$aeng
=100  1\$aCarr, Robert$dfl. 1684-1687$4cmp$940317
=245  \\$aThe Delightful Companion:$bor, Choice New Lesson for the Recorder of Flute
=300  \\$a[44] pages$coblong
=590  \\$aTo Which is added, Several Lessons for Two and Three Flutes to Play Together. Also Plain and Easie Instructions for Beginners, and the several Graces proper to this Instrument.
=648  \0$a17th Century (1601-1700)$1http://www.wikidata.org/entity/Q7016$920923
=650  \0$aMusic education$1http://www.wikidata.org/entity/Q27908$921766
=650  \0$aFlute$1http://www.wikidata.org/entity/Q11405$1http://www.wikidata.org/entity/Q209554$921276
=650  \0$aRecorder$1http://www.wikidata.org/entity/Q187851$91903
=651  \0$aLondon (United Kingdom)$1http://www.wikidata.org/entity/Q84$9123
=700  1\$aWingerden, Jeanette van$4edt$940318
=942  \\$cSCO
=952  \\$00$10$2ddc$40$6SCO_S_CARR$70$8SCO$926744$aORPH$bORPH$cKTS1_H$d2025-06-05$eKoopman$i13I13$l0$oSCO S CARR$p20126436$r2025-06-05 10:07:32$w2025-06-05$ySCO
=999  \\$d22869

