=LDR  01289ncm a2200265 c 4500
=001  22870
=008  040818s2003\\\\xx\||l|\\||||||||\|\mul\d
=024  \\$a9790350508011
=041  \\$acat$aspa
=100  \\$aChopin, Frédéric$d1810-1849$1http://www.wikidata.org/entity/Q1268$4cmp$916495
=245  10$aManuscrits autògrafs musicals :$cValldemossa
=250  \\$afacs. ed.
=260  \\$a[Valencia]$bPiles$c2003
=300  \\$a[26] pages$coblong
=500  \\$aSecond facsimile edition of the manuscripts of Frederic Chopin, preserved in the Charterhouse of Valldemossa.
=648  \0$a19th Century (1801-1900)$1http://www.wikidata.org/entity/Q6955$920935
=650  \0$aPiano$1http://www.wikidata.org/entity/Q5994$1http://www.wikidata.org/entity/Q1521313$92127
=650  \0$aManuscript$1http://www.wikidata.org/entity/Q87167$92275
=650  \0$aÉtude$1http://www.wikidata.org/entity/Q207841$924650
=650  \0$aFugue$1http://www.wikidata.org/entity/Q181014$93142
=651  \0$aMallorca (Spain)$1http://www.wikidata.org/entity/Q8828$940247
=700  1\$aEstelrich Serralta, Miquel$d1965-$4win$940319
=942  \\$cSCO
=952  \\$00$10$2ddc$40$6SCO_S_CHOP$70$8SCO$926745$aORPH$bORPH$cKTS1_H$d2025-06-05$eKoopman$i14A21$l0$oSCO S CHOP$p20124562$r2025-06-05 14:14:03$w2025-06-05$ySCO
=999  \\$d22870

