=LDR  00856ncm a22001937i 4500
=001  22879
=008  910930r19781669it\mua\|||\\\\\\\\\\ita|c
=041  \7$aita
=100  \\$aCossoni, Carlo Donato$d1623-1700$1http://www.wikidata.org/entity/Q19288265$4aut$915060
=240  10$aCanzonette amorose. Libro 1. Op.7
=245  13$aIl libro primo delle canzonette amorose a voce sola
=260  \\$aBologna$bForni$c1978
=300  \\$a143 pages$coblong
=648  \0$a17th Century (1601-1700)$1http://www.wikidata.org/entity/Q7016$920923
=650  \0$aCanzonetta$1http://www.wikidata.org/entity/Q1034045$924591
=651  \0$aBologna (Italy)$1http://www.wikidata.org/entity/Q1891$921973
=942  \\$cSCO
=952  \\$00$10$2ddc$40$6SCO_S_COSS$70$8SCO$926754$aORPH$bORPH$cKTS1_H$d2025-06-06$eKoopman$i13I44$l0$oSCO S COSS$p20126423$r2025-06-06 15:05:57$w2025-06-06$ySCO
=999  \\$d22879

