=LDR  00858ncm a2200205 i 4500
=001  22880
=008  940317r19861610it\muad|||\\\\\\\\\\ita|c
=022  \\$a8872427029
=041  \7$aita$dlat
=059  \\$avv
=100  \\$aCima, Giovanni Paolo$dc. 1570-1630$1http://www.wikidata.org/entity/Q1118489$4cmp$922621
=245  10$aConcerti ecclesiastici a 1, 2, 3, 4, 5 e 8 voci
=254  \\$afacs. ed.
=260  \\$aFlorence$bS.P.E.S.$c1986
=300  \\$a5 vols. (160+64+59+56+59 pages)
=500  \\$aContains the score and parts in separate bindings, all of them held together in a cardboard box.
=700  \\$aMioli, Piero$1http://www.wikidata.org/entity/Q56488552$4edt$920213
=942  \\$cSCO
=952  \\$00$10$2ddc$40$6SCO_S_CIMA1$70$8SCO$926755$aORPH$bORPH$cKTS1_H$d2025-06-06$eKoopman$i14A15$l0$oSCO S CIMA1$p20124569$r2025-06-06 15:29:51$w2025-06-06$ySCO
=999  \\$d22880

