=LDR  02512nam a22002897a 4500
=001  22894
=008  250611r16431878|||f||||\||||\001\0dfre\d
=100  \\$aGantez, Annibal$d1607-1668$1http://www.wikidata.org/entity/Q383163$4aut$940362
=245  \\$aL'Entretien des musiciens.
=260  \\$aParis$bClaudin$c1878
=300  \\$axxxi-269 pages
=500  \\$aAnnibal Gantez was a French composer and singer. He is undoubtedly one of the most striking examples of a "vicarious" chapel master, that is, moving from post to post to earn a living, as many of his 17th century colleagues did. His route can be traced from two types of sources: letters from L'Entretien des musiciens, which he first published in 1643, and various archival documents. 
=500  \\$aThanks to his book, Gantez has become one of the most famous ‘vicariants’ in the history of music. He depicts a whole world of cathedrals that have sometimes tended to become deserted. L'entretiens des musiciens by Anibal Gantez is often quoted, but only quoted because its rarity means that it has not been widely read. It has become a mythical work. The present edition will at last give access to all those interested in the choirs and the teeming life of cathedrals in the past.
=534  \\$cAuxerre: Bouquet, 1643$aL'Entretien des Musiciens, par Le Sieur Gantez, Prieur de la Magdaleine en Provence, Chanoine Semiprebandé, Maistre des Enfans de Choeur & de la Musique, en l'Eglise Insigne & Cathédrale Sainct Estienne d'Auxerre
=561  \\$aEx libris Alexis Rostand (Stamp)
=590  \\$aPublié d'après l'édition rarissime d'Auxerre, 1643. Avec préface, notes et éclaircissements
=648  \0$a17th Century (1601-1700)$1http://www.wikidata.org/entity/Q7016$920923
=650  \0$aMusic history$1http://www.wikidata.org/entity/Q846047$921373
=650  \0$aChurch music$1http://www.wikidata.org/entity/Q8812109$1http://www.wikidata.org/entity/Q1065742$92283
=650  \0$aCappella$1http://www.wikidata.org/entity/Q19902156$922910
=650  \0$aChoir$1http://www.wikidata.org/entity/Q131186$93338
=651  \0$aFrance$1http://www.wikidata.org/entity/Q142$9131
=700  \\$aThoinan, Ernest$d1827-1894$1http://www.wikidata.org/entity/Q18117907$4edt$4cmm$4ann$94861
=856  \\$uhttps://gallica.bnf.fr/view3if/ga/ark:/12148/bpt6k57979f/f3
=942  \\$cBOO
=952  \\$00$10$2ddc$40$6TOP_F_5_000000000000000$70$8TOP$926771$aORPH$bORPH$cKTS0$d2025-06-11$eKoopman$i13B23$l0$oTOP F 5$p20124489$r2025-06-11 11:01:31$w2025-06-11$yBOO
=999  \\$d22894

