=LDR  01032ncm a2200241 i 4500
=001  22900
=008  910930r19801691it\||a|||\\\\|||||\|ita|c
=041  \7$aita
=059  \\$av bc
=100  1\$aGabrielli, Domenico$d1651-1690$4aut$940366
=245  10$aCantate a voce sola
=260  \\$aFlorence$bStudio per Edizioni Scelte$c1980
=300  \\$a135 pages$coblong
=534  \\$cBologna: Monti, 1691
=648  \0$a17th Century (1601-1700)$1http://www.wikidata.org/entity/Q7016$920923
=650  \0$aCantata$1http://www.wikidata.org/entity/Q174873$921603
=650  \0$aVocal music$1http://www.wikidata.org/entity/Q685884$93319
=650  \0$aSolo$1http://www.wikidata.org/entity/Q2708$927703
=650  \0$aBasso continuo$1http://www.wikidata.org/entity/Q724321$921065
=700  \\$aMioli, Piero$1http://www.wikidata.org/entity/Q56488552$4win$920213
=942  \\$cSCO
=952  \\$00$10$2ddc$40$6SCO_S_GABR3$70$8SCO$926781$aORPH$bORPH$cKTS1_H$d2025-06-12$eKoopman$i13G33$l0$oSCO S GABR3$p20124917$r2025-06-12 16:16:16$w2025-06-12$ySCO
=999  \\$d22900

