=LDR  01171ncm a22002537ia4500
=001  22901
=008  160315r19701593be\mulf|||\\\\\\\\\\mul|c
=041  \\$aeng$afre$dita
=059  \\$avv
=100  \\$aGastoldi, Giovanni Giacomo$d1582-1609$1http://www.wikidata.org/entity/Q964231$4cmp$913196
=245  10$aBalletti a cinque voci
=250  \\$afacs. ed.
=260  \\$aBrussels$bCulture et Civilisation$c1970
=300  \\$a5 vols. (21+21+21+21+21 pages)
=490  \\$aCorpus of Early Music$v30
=500  \\$aParts in separate bindings, all of them held together in a cardboard box.

=534  \\$cVenice: Amadino, 1593
=590  \\$aCon il suoi Versi per cantare, sonare & ballare, con un Mascherata de Cacciatori à sei voci, & un Concerto de Pastori à otto
=648  \0$a16th Century (1501-1600)$1http://www.wikidata.org/entity/Q7017$920944
=650  \0$aBallet$1http://www.wikidata.org/entity/Q41425$94412
=650  \0$aVocal music$1http://www.wikidata.org/entity/Q685884$93319
=942  \\$cSCO
=952  \\$00$10$2ddc$40$6SCO_S_GAST$70$8SCO$926782$aORPH$bORPH$cKTS1_H$d2025-06-13$eKoopman$i14A08$l0$oSCO S GAST$p20124576$r2025-06-13 11:23:21$w2025-06-13$ySCO
=999  \\$d22901

