=LDR  00920ncm a2200217 cb4500
=001  22902
=008  940517s19901620xx\||lf\\||||||||\|\engod
=041  0\$aeng
=100  \\$aGibbons, Orlando$d1583-1625$1http://www.wikidata.org/entity/Q311913$4cmp$911403
=245  10$aFantasies of Three Parts
=250  \\$afacs. ed.
=260  \\$aNew York$bPerformers' Facs.$c[1990]
=300  \\$a3 vols. (ix+ix+ix pages)
=490  \\$aPerformers' Facsimiles$v150
=500  \\$aParts in separate binding, held together in a folder.
=648  \0$a17th Century (1601-1700)$1http://www.wikidata.org/entity/Q7016$920923
=650  \0$aFantasia$1http://www.wikidata.org/entity/Q836571$921930
=650  \0$aViol$1http://www.wikidata.org/entity/Q40125$94621
=942  \\$cSCO
=952  \\$00$10$2ddc$40$6SCO_S_GIBB$70$8SCO$926783$aORPH$bORPH$cKTS1_H$d2025-06-13$eKoopman$i13G28$l0$oSCO S GIBB$p20124922$r2025-06-13 13:17:08$w2025-06-13$ySCO
=999  \\$d22902

