=LDR  01147ncm a22002537a 4500
=001  22904
=008  250613r19851732|||||a||\||||\00|\0\ita\d
=041  \\$aita$adut
=100  1\$aGiustini, Lodovico$d1685-1743$4cmp$940372
=240  \\$a12 Sonate da cimbalo di piano e forte, Op.1
=245  \\$aSonate da cimbalo di piano e forte detto volgarmente di martelletti
=250  \\$afacs. ed.
=260  \\$aUtrecht$bHolland Festival Oude Muziek$c1985
=300  \\$a[i]-71-[2] pages$coblong
=490  \\$aUtrecht Early Music Festival Facsimiles$v1
=534  \\$cFlorence: Giustini, 1732
=648  \0$a18th Century (1701-1800)$1http://www.wikidata.org/entity/Q7015$920899
=650  \0$aSonata$1http://www.wikidata.org/entity/Q131269$921653
=650  \0$aHarpsichord$1http://www.wikidata.org/entity/Q81982$92125
=650  \0$aPiano$1http://www.wikidata.org/entity/Q5994$1http://www.wikidata.org/entity/Q1521313$92127
=700  \\$aNuchelmans, Jan$d1950-$4aft$919147
=942  \\$cSCO
=952  \\$00$10$2ddc$40$6SCO_S_GIUS$70$8SCO$926787$aORPH$bORPH$cKTS1_H$d2025-06-13$eKoopman$i14B19$l0$oSCO S GIUS$p20124624$r2025-06-13 15:57:55$w2025-06-13$ySCO
=999  \\$d22904

