=LDR  00882ncm a22002177i 4500
=001  22906
=008  010524r19771680\\\mua||||\\\\\\\\\\fre|c
=020  \\$a2826606506
=041  \\$afre
=100  \\$aGrenerin, Henry$dfl. 1641-1680$4cmp$922973
=240  \\$aLivre de guitarre
=245  \\$aLivre de guitarre et autres pièces de musique, meslées de symphonies, avec une instruction pour jouer la basse continue
=250  \\$afacs. ed.
=260  \\$aGenève$bMinkoff$c1977
=300  \\$a195 pages$coblong
=534  \\$cParis: Bonneüil, 1680
=648  \0$a17th Century (1601-1700)$1http://www.wikidata.org/entity/Q7016$920923
=650  \0$aGuitar$1http://www.wikidata.org/entity/Q6607$2scbi$921152
=942  \\$cSCO
=952  \\$00$10$2ddc$40$6SCO_S_GREN$70$8SCO$926789$aORPH$bORPH$cKTS1_H$d2025-06-13$eKoopman$i13I26$l0$oSCO S GREN$p20126441$r2025-06-13 16:31:24$w2025-06-13$ySCO
=999  \\$d22906

