=LDR  01307ncm a2200241 c 4500
=001  22907
=008  060203r19661872xx\\\\\\\||||\00|||\fre\d
=041  \\$afre
=100  \\$aHalle, Adam de la$d1237/40-1286/88$1http://www.wikidata.org/entity/Q4214$4aut$911369
=245  10$aOeuvres complètes :$bPoésies et musique
=260  \\$aFarnborough$bGregg$c1966
=300  \\$alxxiv-437 pages
=500  \\$aThis complete works of the composer Adam de la Halle includes many songs, as well as his dramatic works, including the popular Jeu de Robin et de Marion. 
=505  \\$gChansons -- Jeux-partis -- Rondeaux -- Motets -- Le Congé -- Le Roi de Sicile -- Le Jeu Adam ou de la Feuillie -- Le Jeu de Robin et de Marion -- Le Jeu du Pélerin

=534  \\$cParis: 1872
=648  \0$aMiddle Ages (500-1400)$1http://www.wikidata.org/entity/Q12554$920964
=650  \0$aSong$1http://www.wikidata.org/entity/Q7366$94164
=650  \0$aPoetry$1http://www.wikidata.org/entity/Q482$93026
=651  \0$aFrance$1http://www.wikidata.org/entity/Q142$9131
=700  \\$aCoussemaker, Edmond de$d1805-1876$1http://www.wikidata.org/entity/Q1240856$4edt$97828
=942  \\$cSCO
=952  \\$00$10$2ddc$40$6SCO_S_HALL$70$8SCO$926790$aORPH$bORPH$cKTS1_H$d2025-06-13$l0$oSCO S HALL$p20130225$r2025-06-13 16:49:49$w2025-06-13$ySCO
=999  \\$d22907

