=LDR  01067ncm a22002417a 4500
=001  22939
=008  250702r19801699|||||a||\||||\00|\0\fre\d
=020  \\$a2852546809
=041  \\$afre
=100  \\$aGrigny, Nicolas de$d1672-1703$1http://www.wikidata.org/entity/Q514530$4cmp$918657
=245  \\$aPremier livre d'orgue :$bcontenant une messe et les hymnes des principalles festes de l'année
=250  \\$afacs. ed.
=260  \\$aFontenay-sous-Bois$bStil$c1980
=300  \\$a[i]-68 pages
=534  \\$cParis: le Mercier, 1699
=648  \0$a17th Century (1601-1700)$1http://www.wikidata.org/entity/Q7016$920923
=650  \0$aOrgan music$1http://www.wikidata.org/entity/Q116958279$91951
=650  \0$aHymn$1http://www.wikidata.org/entity/Q484692$921333
=650  \0$aMass$1http://www.wikidata.org/entity/Q217295$92735
=651  \0$aFrance$1http://www.wikidata.org/entity/Q142$9131
=942  \\$cSCO
=952  \\$00$10$2ddc$40$6SCO_S_GRIG$70$8SCO$926854$aORPH$bORPH$cKTS1_H$d2025-07-02$eKoopman$i14B28$l0$oSCO S GRIG$p20124614$r2025-07-02 10:21:44$w2025-07-02$ySCO
=999  \\$d22939

