=LDR  02678nam a2200193 c 4500
=001  22945
=008  250122s2025\\\\xx\a|||\\||||\00|||\eng\d
=020  \\$a9781138045545
=041  \\$aeng
=100  1\$aKoeck, Richard$d1969-$1https://orcid.org/0000-0002-4547-9719$4aut$940500
=245  10$aThe Art of Spatial Illusion:$bImmersive Encounters Between People, Media, and Place
=260  \\$aLondon$aNew York$bRoutledge$bTaylor & Francis Group$c2025
=300  \\$axxi-271 pages
=520  \\$a"Contemporary art, entertainment and architecture cultures offer a growing amount of digitally mediated spatial experiences, situated either in the metaverse (e.g VR) or location-based in physical realms (e.g. AR), increasingly powered by generative systems (e.g. AI). Are such spatially "immersive experiences" a new phenomenon and dependent on digital innovation? The Art of Spatial Illusion: Immersive Encounters between People, Media, and Place is an insightful exploration of the evolving relationship between humans, media, and spatial environments, tracing their progression from the Renaissance, via Modernity and Postmodernity to today's digital age. The author offers a compelling reading and re-evaluation of architectural history and media theory, drawing connections between historical practices, technological innovations and contemporary immersive experiences. Inspired by scholars such as Walter Benjamin and Jean Baudrillard, the book discusses how technological advancements have transformed our situatedness in "image-spaces", highlighting the shift from material authenticity to digital reproductions. The book is structured into four parts - THE SURFACE, THE STAGE, THE INTERFACE, and THE HYBRID - each exploring different aspects of spatial illusions and their implications. It offers a critical perspective on the creation of architectural, immersive environments, examining the motivations behind them and their broader cultural and political contexts. Richly illustrated and deeply researched, The Art of Spatial Illusion is an essential reading for anyone interested in architecture and art as well as media archaeology, history, and theory. Seeing new, thought-provoking architectural propositions emerging on our horizon, the author provides a comprehensive understanding of how immersive experiences shape our perception of reality"--
=650  \0$aPhilosophy$1http://www.wikidata.org/entity/Q5891$92357
=650  \0$aArchitecture$1http://www.wikidata.org/entity/Q12271$93185
=942  \\$cBOO
=952  \\$00$10$2ddc$40$6AES_KOEC$70$8AES$926862$aORPH$bORPH$cKM12_1$d2025-06-05$l1$oAES KOEC$p20144245$q2025-12-27$r2025-07-02 12:20:54$s2025-07-02$w2025-07-02$yBOO
=999  \\$d22945

