=LDR  01855nam a22002177a 4500
=001  22950
=008  250702s2025\\\\|||ao|||\||||\00|\0\dut\d
=020  \\$a9789058567444
=041  \\$adut
=100  \\$aVanhecke, Françoise$1http://www.wikidata.org/entity/Q15235871$4aut$920655
=245  \\$aJawel, ik zing terwijl ik inadem!
=260  \\$aOostkamp$bStichting Kunstboek$c2025
=300  \\$a143 pages
=520  \\$aOver a decade ago, Françoise Vanhecke discovered and developed a new singing technique “Inhaling Singing” or ISFV® (Inhaling Singing by Françoise Vanhecke®) for short.

In her recently published book “ JAWEL, IK ZING TERWIJL IK INADEM” Vanhecke explains in an accessible way the discovery, development and peculiarities of this unique singing technique. This book casts a wider perspective on contemporary singing technique, on modern music and stimulates an intense musical experience, helping the reader to discover the uniqueness of ISFV® and to distinguish this technique from other extended vocal techniques so that they quickly discover why this technique is an added value to the vocal idiom. More than thirty artistic realizations with ISFV® are described as to why and how the technique was applied in the performances concerned. The book is richly illustrated with action photos and provided with audio fragments linked by QR codes, including works by Flemish composers. (Translated with DeepL.com)
=650  \0$aVoice$1http://www.wikidata.org/entity/Q7390$925199
=650  \0$aSinging$1http://www.wikidata.org/entity/Q27939$92767
=650  \0$aExtended technique$1http://www.wikidata.org/entity/Q946962$921867
=700  1\$aMoerbeke, Katrien van$4edt$940508
=942  \\$cBOO
=952  \\$00$10$2ddc$40$6INS_2C$70$8INS$926866$aORPH$bORPH$cKTS0$d2025-07-02$l0$oINS2c$p20144246$r2025-07-02 12:48:18$w2025-07-02$yBOO
=999  \\$d22950

