=LDR  00827ncm a22002057i 4500
=001  22954
=008  250702r19761723xxumua\|||\\\\\\\\\\mul|c
=041  \7$aeng$dita
=100  \\$aHandel, George Frideric$d1685-1759$1http://www.wikidata.org/entity/Q7302$4cmp$94765
=240  \\$aHWV 15
=245  10$aOttone.$bAn Opera in Three Acts
=260  \\$aNew York$bKalmus$cs.d.
=300  \\$a144 pages
=490  \\$aKalmus Miniature Score Series$v1275
=500  \\$aReprint of the Leipzig edition, 1881
=648  \0$a18th Century (1701-1800)$1http://www.wikidata.org/entity/Q7015$920899
=650  \0$aOpera$1http://www.wikidata.org/entity/Q1344 $92468
=942  \\$cBOO
=952  \\$00$10$2ddc$40$6SCO_S_HAND$70$8SCO$926869$aORPH$bORPH$cKTS1_H$d2025-07-02$eKoopman$iWG.0335$l0$oSCO S HAND$p20123851$r2025-07-02 14:13:15$w2025-07-02$yBOO
=999  \\$d22954

