=LDR  00961acm a2200229   4500
=001  22962
=008  250702r19801734\\\||a||\||||\00|\0\mul\d
=041  \\$aeng$ager$dita
=059  \\$avv orch
=100  \\$aHandel, George Frideric$d1685-1759$4cmp$1http://www.wikidata.org/entity/Q7302$94765
=240  \\$aHWV 8a
=245  \\$aIl pastor fido.$bAn Opera in Three Acts$p(Second version)
=260  \\$aNew York$bKalmus$cs.d.
=300  \\$a[iii]-115-[2] pages
=490  \\$aKalmus Miniature Score Series$v1278
=500  \\$aReprint of the (old) Handel-Ausgabe, 1890
=534  \\$aIl pastor fido premiered in this version in 1734
=648  \0$a18th Century (1701-1800)$1http://www.wikidata.org/entity/Q7015$920899
=650  \0$aOpera$1http://www.wikidata.org/entity/Q1344$92468
=942  \\$cSCO
=952  \\$00$10$2ddc$40$6SCO_S_HAND$70$8SCO$926876$aORPH$bORPH$cKTS1_H$d2025-07-02$eKoopman$iWG.0378$l0$oSCO S HAND$p20123862$r2025-07-02 15:05:18$w2025-07-02$ySCO
=999  \\$d22962

