=LDR  00906acm a2200229   4500
=001  22967
=008  250702s1875\\\\\\\||a||\||||\00|\0\mul\d
=041  \\$aeng$ager$dita
=059  \\$avv orch
=100  \\$aHandel, George Frideric$d1685-1759$4cmp$1http://www.wikidata.org/entity/Q7302$94765
=240  \\$aHWV 16
=245  \\$aFlavio.$bAn Opera in Three Acts
=260  \\$aNew York$bKalmus$cs.d.
=300  \\$a[iii]-88 pages
=490  \\$aKalmus Miniature Score Series$v1267
=500  \\$aReprint of the (old) Handel-Ausgabe, 1875
=534  \\$aFlavio premiered in 1723
=648  \0$a18th Century (1701-1800)$1http://www.wikidata.org/entity/Q7015$920899
=650  \0$aOpera$1http://www.wikidata.org/entity/Q1344$92468
=942  \\$cSCO
=952  \\$00$10$2ddc$40$6SCO_S_HAND$70$8SCO$926881$aORPH$bORPH$cKTS1_H$d2025-07-02$eKoopman$iWG.0342$l0$oSCO S HAND$p20123844$r2025-07-02 16:05:32$w2025-07-02$ySCO
=999  \\$d22967

