=LDR  00903acm a2200229   4500
=001  22970
=008  250702s1880\\\\\\\||a||\||||\00|\0\mul\d
=041  \\$aeng$ager$dita
=059  \\$avv orch
=100  \\$aHandel, George Frideric$d1685-1759$4cmp$1http://www.wikidata.org/entity/Q7302$94765
=240  \\$aHWV 29
=245  \\$aEzio.$bAn Opera in Three Acts
=260  \\$aNew York$bKalmus$cs.d.
=300  \\$a[iii]-116 pages
=490  \\$aKalmus Miniature Score Series$v1265
=500  \\$aReprint of the (old) Handel-Ausgabe, 1880
=534  \\$aEzio premiered in 1732
=648  \0$a18th Century (1701-1800)$1http://www.wikidata.org/entity/Q7015$920899
=650  \0$aOpera$1http://www.wikidata.org/entity/Q1344$92468
=942  \\$cSCO
=952  \\$00$10$2ddc$40$6SCO_S_HAND$70$8SCO$926885$aORPH$bORPH$cKTS1_H$d2025-07-02$eKoopman$iWG.0345$l0$oSCO S HAND$p20123841$r2025-07-02 16:28:51$w2025-07-02$ySCO
=999  \\$d22970

