=LDR  00906acm a2200229   4500
=001  22972
=008  250702s1885\\\\\\\||a||\||||\00|\0\mul\d
=041  \\$aeng$dita
=059  \\$avv orch
=100  \\$aHandel, George Frideric$d1685-1759$4cmp$1http://www.wikidata.org/entity/Q7302$94765
=240  \\$aHWV 42
=245  \\$aDeidamia.$bAn Opera in Three Acts
=260  \\$aNew York$bKalmus$cs.d.
=300  \\$a[iii]-144 pages
=490  \\$aKalmus Miniature Score Series$v1264
=500  \\$aReprint of the (old) Handel-Ausgabe, 1885
=534  \\$aDeidamia premiered in 1741
=648  \0$a18th Century (1701-1800)$1http://www.wikidata.org/entity/Q7015$920899
=650  \0$aOpera$1http://www.wikidata.org/entity/Q1344$92468
=942  \\$cSCO
=952  \\$00$10$2ddc$40$6SCO_S_HAND$70$8SCO$926886$aORPH$bORPH$cKTS1_H$d2025-07-02$eKoopman$iWG.0343$l0$oSCO S HAND$p20123843$r2025-07-02 16:34:53$w2025-07-02$ySCO
=999  \\$d22972

