=LDR  00930acm a2200229   4500
=001  22979
=008  250702s1873\\\\\\\||a||\||||\00|\0\mul\d
=041  \\$aeng$ager$dita
=059  \\$avv orch
=100  \\$aHandel, George Frideric$d1685-1759$4cmp$1http://www.wikidata.org/entity/Q7302$94765
=240  \\$aHWV 1
=245  \\$aAlmira, Koenigin von Castilien.$bAn Opera in Three Acts
=260  \\$aNew York$bKalmus$cs.d.
=300  \\$a[iii]-119 pages
=490  \\$aKalmus Miniature Score Series$v1257
=500  \\$aReprint of the (old) Handel-Ausgabe, 1873
=534  \\$aAlmira premiered in 1704
=648  \0$a18th Century (1701-1800)$1http://www.wikidata.org/entity/Q7015$920899
=650  \0$aOpera$1http://www.wikidata.org/entity/Q1344$92468
=942  \\$cSCO
=952  \\$00$10$2ddc$40$6SCO_S_HAND$70$8SCO$926893$aORPH$bORPH$cKTS1_H$d2025-07-02$eKoopman$iWG.0352$l0$oSCO S HAND$p20123834$r2025-07-02 17:23:56$w2025-07-02$ySCO
=999  \\$d22979

