=LDR  00907acm a2200229   4500
=001  23028
=008  250707s1868\\\\\\\||a||\||||\00|\0\mul\d
=041  \\$aeng$ager$dita
=059  \\$avv orch
=100  \\$aHandel, George Frideric$d1685-1759$4cmp$1http://www.wikidata.org/entity/Q7302$94765
=240  \\$aHWV 34
=245  \\$aAlcina.$bAn Opera in Three Acts
=260  \\$aNew York$bKalmus$cs.d.
=300  \\$a[iii]-150 pages
=490  \\$aKalmus Miniature Score Series$v1255
=500  \\$aReprint of the (old) Handel-Ausgabe, 1868
=534  \\$aAlcina premiered in 1735
=648  \0$a18th Century (1701-1800)$1http://www.wikidata.org/entity/Q7015$920899
=650  \0$aOpera$1http://www.wikidata.org/entity/Q1344$92468
=942  \\$cSCO
=952  \\$00$10$2ddc$40$6SCO_S_HAND$70$8SCO$926950$aORPH$bORPH$cKTS1_H$d2025-07-07$eKoopman$iWG.0354$l0$oSCO S HAND$p20123892$r2025-07-07 11:35:34$w2025-07-07$ySCO
=999  \\$d23028

