=LDR  00905acm a2200229   4500
=001  23045
=008  250707s1884\\\\\\\||a||\||||\00|\0\mul\d
=041  \\$aeng$ager$dita
=059  \\$avv orch
=100  \\$aHandel, George Frideric$d1685-1759$4cmp$1http://www.wikidata.org/entity/Q7302$94765
=240  \\$aHWV 40
=245  \\$aSerse.$bAn Opera in Three Acts
=260  \\$aNew York$bKalmus$cs.d.
=300  \\$a[iii]-123 pages
=490  \\$aKalmus Miniature Score Series$v1287
=500  \\$aReprint of the (old) Handel-Ausgabe, 1884
=534  \\$aSerse premiered in 1738
=648  \0$a18th Century (1701-1800)$1http://www.wikidata.org/entity/Q7015$920899
=650  \0$aOpera$1http://www.wikidata.org/entity/Q1344$92468
=942  \\$cSCO
=952  \\$00$10$2ddc$40$6SCO_S_HAND$70$8SCO$926967$aORPH$bORPH$cKTS1_H$d2025-07-07$eKoopman$iWG.0368$l0$oSCO S HAND$p20123874$r2025-07-07 12:52:31$w2025-07-07$ySCO
=999  \\$d23045

