=LDR  00948acm a2200229   4500
=001  23061
=008  250707s1866\\\\\\\||a||\||||\00|\0\eng\d
=041  \\$aeng$dita
=059  \\$avv orch
=100  \\$aHandel, George Frideric$d1685-1759$4cmp$1http://www.wikidata.org/entity/Q7302$94765
=240  \\$aHWV 46a
=245  \\$aIl trionfo del tempo e del disinganno.$bAn Oratorio
=260  \\$aNew York$bKalmus$cs.d.
=300  \\$a[iii]-120 pages
=490  \\$aKalmus Miniature Score Series$v1324
=500  \\$aReprint of the (old) Handel-Ausgabe, 1866
=534  \\$aOriginally composed in 1708 and rewritten in 1737
=648  \0$a18th Century (1701-1800)$1http://www.wikidata.org/entity/Q7015$920899
=650  \0$aOpera$1http://www.wikidata.org/entity/Q1344$92468
=942  \\$cSCO
=952  \\$00$10$2ddc$40$6SCO_S_HAND$70$8RAR$926983$aORPH$bORPH$cKTS1_H$d2025-07-07$eKoopman$iWG.0361$l0$oSCO S HAND$p20123881$r2025-07-07 15:22:26$w2025-07-07$ySCO
=999  \\$d23061

