=LDR  00956acm a2200241   4500
=001  23062
=008  250707s1884\\\\\\\||a||\||||\00|\0\mul\d
=041  \\$aeng$ager
=059  \\$avv orch
=100  \\$aHandel, George Frideric$d1685-1759$4cmp$1http://www.wikidata.org/entity/Q7302$94765
=240  \\$aHWV 62
=245  \\$aThe Occasional Oratorio.$bAn Oratorio
=246  \1$aEin Gelegenheits-Oratorium
=260  \\$aNew York$bKalmus$cs.d.
=300  \\$a[x]-267 pages
=490  \\$aKalmus Miniature Score Series$v1317
=500  \\$aReprint of the (old) Handel-Ausgabe, 1884
=534  \\$aOriginally composed in 1746
=648  \0$a18th Century (1701-1800)$1http://www.wikidata.org/entity/Q7015$920899
=650  \0$aOratorio$1http://www.wikidata.org/entity/Q85477$91825
=942  \\$cSCO
=952  \\$00$10$2ddc$40$6SCO_S_HAND$70$8SCO$926984$aORPH$bORPH$cKTS1_H$d2025-07-07$eKoopman$iWG.0927$l0$oSCO S HAND$p20123871$r2025-07-07 15:28:55$w2025-07-07$ySCO
=999  \\$d23062

