=LDR  00902acm a2200229   4500
=001  23065
=008  250707s1864\\\\\\\||a||\||||\00|\0\mul\d
=041  \\$aeng$ager
=059  \\$avv orch
=100  \\$aHandel, George Frideric$d1685-1759$4cmp$1http://www.wikidata.org/entity/Q7302$94765
=240  \\$aHWV 61
=245  \\$aBelshazzar.$bAn Oratorio
=260  \\$aNew York$bKalmus$cs.d.
=300  \\$av-14-267 pages
=490  \\$aKalmus Miniature Score Series$v1308
=500  \\$aReprint of the (old) Handel-Ausgabe, 1864
=534  \\$aBelshazzar premiered in 1745
=648  \0$a18th Century (1701-1800)$1http://www.wikidata.org/entity/Q7015$920899
=650  \0$aOratorio$1http://www.wikidata.org/entity/Q85477$91825
=942  \\$cSCO
=952  \\$00$10$2ddc$40$6SCO_S_HAND$70$8SCO$926987$aORPH$bORPH$cKTS1_H$d2025-07-07$eKoopman$iWG.0379$l0$oSCO S HAND$p20123861$r2025-07-07 15:41:15$w2025-07-07$ySCO
=999  \\$d23065

