=LDR  00816acm a2200205   4500
=001  23067
=008  250707r\\\\1859\\\||a||\||||\00|\0\mul\d
=041  \\$aeng$ager
=100  \\$aHandel, George Frideric$d1685-1759$4cmp$1http://www.wikidata.org/entity/Q7302$94765
=240  \\$aHWV 49
=245  \\$aAcis and Galatea.$nA Masque
=260  \\$aNew York, NY$bKalmus$c1859
=300  \\$av-132 pages
=490  \\$aKalmus Classic Edition$vK01296
=561  \\$aEx libris Laura Dobbenga
=648  \0$a18th Century (1701-1800)$1http://www.wikidata.org/entity/Q7015$920899
=650  \0$aMasque$1http://www.wikidata.org/entity/Q2207959$923174
=942  \\$cSCO
=952  \\$00$10$2ddc$40$6SCO_S_HAND$70$8SCO$926989$aORPH$bORPH$cKTS1_H$d2025-07-07$eKoopman$iWG.2504$l0$oSCO S HAND$p20123870$r2025-07-07 15:48:11$w2025-07-07$ySCO
=999  \\$d23067

