=LDR  00906acm a2200217   4500
=001  23068
=008  250707s1863\\\\\\\||a||\||||\00|\0\mul\d
=041  \\$aeng$ager
=100  \\$aHandel, George Frideric$d1685-1759$4cmp$1http://www.wikidata.org/entity/Q7302$94765
=240  \\$aHWV 258 & 260
=245  \\$aCoronation Anthems$pvol. 1
=260  \\$aNew York$bKalmus
=300  \\$a[ii]-70 pages
=490  \\$aA Kalmus Classic Edition$vK01336
=505  \\$gZadok the Priest -- The King Shall Rejoice
=648  \0$a18th Century (1701-1800)$1http://www.wikidata.org/entity/Q7015$920899
=650  \0$aCoronation$1http://www.wikidata.org/entity/Q209715$926017
=650  \0$aAnthem$1http://www.wikidata.org/entity/Q541947$92161
=942  \\$cSCO
=952  \\$00$10$2ddc$40$6SCO_S_HAND$70$8SCO$926990$aORPH$bORPH$cKTS1_H$d2025-07-07$eKoopman$iWG.0235$l0$oSCO S HAND$p20123860$r2025-07-07 15:53:06$w2025-07-07$ySCO
=999  \\$d23068

