=LDR  00963ncm a22002297i 4500
=001  23075
=005  20250926121829.0
=008  950517r19851747sz\muz\|||\\\\\\\\\\||||c
=020  \\$a2826605259
=041  \\$ager
=100  \\$aKellner, David$d1670-1748$1http://www.wikidata.org/entity/Q1174956$4cmp$95816
=245  10$aXVI. auserlesene Lauten-Stücke
=246  \\$a16. auserlesene Lauten-Stücke
=260  \\$aGenève$bMinkoff$c1985
=300  \\$a48 pages$coblong
=534  \\$cHamburg: Brandt, 1747
=590  \\$abestehend in Phanthasien, Chaconnen, Rondeau, Giga, Pastorel, Passe pied, Campanella, Sarabande, Aria & Gavotte.
=648  \0$a18th Century (1701-1800)$1http://www.wikidata.org/entity/Q7015$920899
=650  \0$aLute$1http://www.wikidata.org/entity/Q180733$93944
=942  \\$cSCO
=952  \\$00$10$2ddc$40$6SCO_S_KELL$70$8SCO$926997$aORPH$bORPH$cKTS1_H$d2025-07-07$eKoopman$i14B54$l0$oSCO S KELL$p20124588$r2025-07-07 17:33:28$w2025-07-07$ySCO
=999  \\$d23075

