=LDR  01457ncm a2200301 cb4500
=001  23293
=008  970915r19961699xx\||a|\\||||||||\|\ger\d
=028  52$aPerformers' ed. 97162
=041  \\$ager$aeng
=100  \\$aKrieger, Johann Philipp$d1649-1725$1http://www.wikidata.org/entity/Q524087$4cmp$912185
=240  10$aClavier-Übung
=245  10$aAnmuthige Clavier-Ubung:$bbestehend in unterschiedlichen Ricercarien, Praeludien, Fugen, einer Ciacona und einer auf das Pedal gerichteten Toccata
=250  \\$afacs. ed.
=260  \\$aNew York$bPerformers' Facs.$cs.d.
=300  \\$a69 pages$coblong
=490  \\$aPerformers' Facsimiles$v162
=534  \\$cNürnberg, Endter, 1698
=648  \0$a17th Century (1601-1700)$1http://www.wikidata.org/entity/Q7016$920923
=650  \0$aMusic education$1http://www.wikidata.org/entity/Q27908$921766
=650  \0$aKeyboard music$1http://www.wikidata.org/entity/Q105715630$921412
=650  \0$aRicercar$1http://www.wikidata.org/entity/Q746743$922011
=650  \0$aPrelude$1http://www.wikidata.org/entity/Q212148$921947
=650  \0$aFugue$1http://www.wikidata.org/entity/Q181014$93142
=650  \0$aChaconne$1http://www.wikidata.org/entity/Q841238$92977
=650  \0$aToccata$1http://www.wikidata.org/entity/Q140544$923527
=942  \\$cSCO
=952  \\$00$10$2ddc$40$6SCO_S_KRIE$70$8SCO$927216$aORPH$bORPH$cKTS1_H$d2025-07-11$eKoopman$i13G55$l0$oSCO S KRIE$p20124894$r2025-07-11 16:14:21$w2025-07-11$ySCO
=999  \\$d23293

