=LDR  01504nam a22003017a 4500
=001  23300
=005  20250925143312.0
=008  250714s1977\\\\||||||||\||||\00|\0\fre\d
=041  \\$afre
=100  \\$aZwang, Gérard$d1930-$1http://www.wikidata.org/entity/Q3124385$4aut$940757
=245  \\$aÀ contre bruit
=260  \\$a[France]$bSimoën$c1977
=300  \\$a174 pages
=600  \0$aHarnoncourt, Nikolaus$d1929-2016$1http://www.wikidata.org/entity/Q78526$917150
=600  \0$aLeonhardt, Gustav$d1928-2012$1http://www.wikidata.org/entity/Q51584$917151
=600  \0$aAttali, Jacques$d1943-$1http://www.wikidata.org/entity/Q364315$916305
=648  \0$a20th Century (1901-2000)$1http://www.wikidata.org/entity/Q6927$920936
=650  \0$aMusic criticism$1http://www.wikidata.org/entity/Q11748889$921598
=650  \0$aEarly music$1http://www.wikidata.org/entity/Q436016$93160
=650  \0$aHistorically informed performance$1http://www.wikidata.org/entity/Q1344860$920980
=650  \0$aPerforming pitch$1http://www.wikidata.org/entity/Q1571955$922130
=650  \0$aPopular music$1http://www.wikidata.org/entity/Q373342$922015
=650  \0$aBaroque$1http://www.wikidata.org/entity/Q37853$921255
=650  \0$aPolitics$1http://www.wikidata.org/entity/Q7163$921826
=651  \0$aFrance$1http://www.wikidata.org/entity/Q142$9131
=942  \\$cBOO
=952  \\$00$10$2ddc$40$6AES_ZWAN$70$8AES$927223$aORPH$bORPH$cKM12_1$d2025-03-24$g9.90$l0$oAES ZWAN$p20144384$r2025-07-14 09:09:28$w2025-07-14$yBOO
=999  \\$d23300

