=LDR  01295njm a22002537a 4500
=001  23326
=008  250714s1979\\\\||||||||\||||\00|\0\mul\d
=024  \\$2Harmonia Mundi$aHM E200
=041  \\$aeng$afre$ager$deng
=100  \\$aPurcell, Henry$d1659-1695$1http://www.wikidata.org/entity/Q9695$4cmp$95840
=245  \\$aKing Arthur 
=260  \\$aFrance$bHarmonia Mundi$c1979
=300  \\$aLP, stereo$c12"
=648  \0$a17th Century (1601-1700)$1http://www.wikidata.org/entity/Q7016$920923
=650  \0$aOpera$1http://www.wikidata.org/entity/Q1344 $92468
=651  \0$aLondon (United Kingdom)$1http://www.wikidata.org/entity/Q84$9123
=700  \\$aDryden, John$d1631-1700$1http://www.wikidata.org/entity/Q213355$4lbt$96035
=700  \\$aDeller, Alfred$d1912-1979$1http://www.wikidata.org/entity/Q981299$4cnd$4prf$911396$eCountertenor
=700  \\$aDeller, Mark$d1938-$1http://www.wikidata.org/entity/Q6767334$4prf$926907$eCountertenor
=710  \\$aDeller Consort (United Kingdom)$1http://www.wikidata.org/entity/Q607889$4prf$927631
=710  \\$aKing's Musick (London, United Kingdom)$4prf$940848
=942  \\$cREC
=952  \\$00$10$2ddc$40$6REC_12_000000000000000_DELL_1979$70$927249$aORPH$bORPH$cKM12_2_B$d2020-09-25$l0$oREC 12 DELL 1979$p20144381$r2025-07-14 12:06:52$w2025-07-14$yREC
=999  \\$d23326

