=LDR  01319nam a22002417a 4500
=001  23369
=008  250715s1852\\\\|||g||||\||||\00|\0\fre\d
=041  \\$afre
=100  \\$aLa Madeleine, Stéphen de$d1801-1868$1http://www.wikidata.org/entity/Q55836750$940808
=245  \\$aThéories complètes du chant
=260  \\$aParis$bAmyot$c[1852]
=300  \\$axix-412 pages$bmusic examples
=590  \\$aEx-Récitant à la Chapelle et à la Musique particulière du Roi Charles X. Ouvrage approuvé par l'Institut de France et le Conservatoire de Musique
=610  \0$aConservatoire de Paris (France)$1http://www.wikidata.org/entity/Q463055$920895
=648  \0$a19th Century (1801-1900)$1http://www.wikidata.org/entity/Q6955$920935
=650  \0$aMethod$1http://www.wikidata.org/entity/Q2250960$921402
=650  \0$aSinging$1http://www.wikidata.org/entity/Q27939$92767
=651  \0$aParis (France)$1http://www.wikidata.org/entity/Q90$9160
=856  \\$3Gallica (IIIF)$uhttps://gallica.bnf.fr/view3if/ga/ark:/12148/bpt6k9671390z
=856  \\$3IIIF manifest$uhttps://gallica.bnf.fr/iiif/ark:/12148/bpt6k9671390z/manifest.json
=942  \\$cBOO
=952  \\$00$10$2ddc$40$6KTS_1_000000000000000_H_07_039$70$8RAR$927294$aORPH$bORPH$cKTS1_H$d2025-07-15$g1.50$l0$oKTS1 H.07.039$p20144408$r2025-07-15 16:35:36$w2025-07-15$yBOO
=999  \\$d23369

