=LDR  01166ncm a2200253 c 4500
=001  23370
=008  931203r19921556\\\||lf\\||||||||\|\mul\d
=020  \\$a9068530623
=041  0\$ager$aita$dlat
=100  \\$aLassus, Orlandus$d1530/32-1594$1http://www.wikidata.org/entity/Q154792$4cmp$96856
=245  10$aIl primo libro de mottetti
=250  \\$afacs. ed.
=260  \\$aPeer$bAlamire$c1992
=300  \\$a5 parts (16-xxxi+xxxi+xxxi+xxix+xxxi)$bheld in cardboard box
=490  \\$aFacsimile editions of prints and manuscripts
=505  \\$gSuperius -- Tenor -- Contratenor -- Quinta pars -- Bassus
=534  \\$cAntwerpen: Laet, 1556
=648  \0$a16th Century (1501-1600)$1http://www.wikidata.org/entity/Q7017$920944
=650  \0$aMotet$1http://www.wikidata.org/entity/Q188285$92028
=700  \\$aLeuchtmann, Horst$c1927-2007$1http://www.wikidata.org/entity/Q119746$d1927-2007$4win$914798
=700  \\$aSchreurs, Eugeen$1http://www.wikidata.org/entity/Q112392908$4edt$915924
=942  \\$cSCO
=952  \\$00$10$2ddc$40$6SCO_S_LASS$70$8SCO$927295$aORPH$bORPH$cKTS1_H$d2025-07-15$eKoopman$i13J07$l0$oSCO S LASS$p20127100$r2025-07-15 17:48:22$w2025-07-15$ySCO
=999  \\$d23370

