=LDR  01091ncm a22002417a 4500
=001  23404
=008  250717r1970eng\|||||lf|\||||\00|\0\eng\d
=041  \\$alat
=100  \\$aLassus, Orlandus$d1530/32-1594$1http://www.wikidata.org/entity/Q154792$4cmp$96856
=245  \\$aPsalmi Davidis poenitentiales
=250  \\$afacs. ed.
=260  \\$aBrussels$bEditions Culture et Civilisation$c1970
=300  \\$a5 parts ([88]+[88]+[80]+[80]+[72] pages)$bheld in carboard box
=490  \\$aCorpus of Early Music$v25
=505  \\$gDiscantus -- Altus -- Quinta vox -- Tenor -- Bassus
=534  \\$cMunich: Berg, 1584
=648  \0$a16th Century (1501-1600)$1http://www.wikidata.org/entity/Q7017$920944
=650  \0$aPsalm$1http://www.wikidata.org/entity/Q12497663$92164
=650  \0$aVocal music$1http://www.wikidata.org/entity/Q685884$93319
=651  \0$aMunich (Germany)$1http://www.wikidata.org/entity/Q1726$9268
=942  \\$cSCO
=952  \\$00$10$2ddc$40$6SCO_S_LASS$70$8SCO$927329$aORPH$bORPH$cKTS1_H$d2025-07-17$eKoopman$i14A10$l0$oSCO S LASS$p20124574$r2025-07-17 12:44:28$w2025-07-17$ySCO
=999  \\$d23404

