=LDR  00952ncm a2200229 cb4500
=001  23406
=008  930421s1980\\\\xx\g|a|\\||||\00|||\ita\d
=041  \\$aita
=100  \\$aLegrenzi, Giovanni$d1626-1690$1http://www.wikidata.org/entity/Q354947$4aut$97231
=245  10$aEchi di riverenza di cantate e canzoni
=250  \\$afacs. ed.
=260  \\$aFlorence$bStudio per Edizioni Scelte$c1980
=300  \\$a166 pages
=490  \\$aArchivum musicum$v7
=534  \\$cBologna: Monti, 1678
=648  \0$a17th Century (1601-1700)$1http://www.wikidata.org/entity/Q7016$920923
=650  \0$aCantata$1http://www.wikidata.org/entity/Q174873$921603
=650  \0$aCanzona$1http://www.wikidata.org/entity/Q207683$924395
=651  \0$aItaly$1http://www.wikidata.org/entity/Q38$922
=942  \\$cSCO
=952  \\$00$10$2ddc$40$6SCO_S_LEGR$70$8SCO$927331$aORPH$bORPH$cKTS1_H$d2025-07-17$eKoopman$i14C08$l0$oSCO S LEGR$p20126215$r2025-07-17 15:53:30$w2025-07-17$ySCO
=999  \\$d23406

