=LDR  01288ncm a2200289 cb4500
=001  23407
=005  20251008112542.0
=008  930622s1965\\\\\\\||a|\\||||||||\|\mul\d
=041  0\$aeng$aheb$afre
=059  \\$ach 2vn va bc
=100  1\$aLidarti, Christian Joseph$d1730-1793$4cmp$940873
=245  10$aBeFi Yesharim
=260  \\$aTel Aviv$bIsraeli Music Publications$c1965
=300  \\$a[22] pages
=490  \\$aOeuvres du répertoire de la communauté portugaise d'Amsterdam$v2
=490  \\$aEarly Hebrew art music$v5
=648  \0$1http://www.wikidata.org/entity/Q7015$920899$a18th Century (1701-1800)
=650  \0$1http://www.wikidata.org/entity/Q131186$93338$aChoir
=650  \0$aViolin$1http://www.wikidata.org/entity/Q8355$92783
=650  \0$aViola$1http://www.wikidata.org/entity/Q80284$921810
=650  \0$aBasso continuo$1http://www.wikidata.org/entity/Q724321$921065
=650  \0$aMusic of the Jews$1http://www.wikidata.org/entity/Q1716019$927715
=700  \\$aAdler, Israel$d1925-2009$1http://www.wikidata.org/entity/Q358179$4edt$99044
=700  \\$aRatham, Abraham$4aut$tAdon Olam
=942  \\$cSCO
=952  \\$00$10$2ddc$40$6SCO_S_LIDA$70$8SCO$927332$aORPH$bORPH$cKTS1_H$d2025-07-17$eKoopman$iW458$l0$oSCO S LIDA$p20121668$r2025-07-17 17:16:24$w2025-07-17$ySCO
=999  \\$d23407

