=LDR  01343ncm a2200289 cb4500
=001  23409
=005  20251008112542.0
=008  930622s1965\\\\\\\||a|\\||||||||\|\mul\d
=041  \\$aeng$afre$aheb
=059  \\$asop 2vn va bc
=100  1\$aLidarti, Christian Joseph$d1730-1793$4cmp$940873
=245  \\$a2 Arias:$bBòi be Shalom; Kol HaNeshamah
=260  \\$aTel Aviv$bIsraeli Music Publications$c1965
=300  \\$a[iv]-[27] pages
=490  \\$aOeuvres du répertoire de la communauté portugaise d'Amsterdam$v3
=490  \\$aEarly Hebrew art music$v6
=648  \0$a18th Century (1701-1800)$1http://www.wikidata.org/entity/Q7015$920899
=650  \0$aSoprano$1http://www.wikidata.org/entity/Q30903$922885
=650  \0$aViolin$1http://www.wikidata.org/entity/Q8355$92783
=650  \0$aViola$1http://www.wikidata.org/entity/Q80284$921810
=650  \0$aBasso continuo$1http://www.wikidata.org/entity/Q724321$921065
=650  \0$aMusic of the Jews$1http://www.wikidata.org/entity/Q1716019$927715
=650  \0$aAria$1http://www.wikidata.org/entity/Q178122$921592
=700  \\$aAdler, Israel$d1925-2009$1http://www.wikidata.org/entity/Q358179$4edt$99044
=942  \\$cSCO
=952  \\$00$10$2ddc$40$6SCO_S_LIDA$70$8SCO$927334$aORPH$bORPH$cKTS1_H$d2025-07-18$eKoopman$iW458$l0$oSCO S LIDA$p20121673$r2025-07-18 12:23:52$w2025-07-18$ySCO
=999  \\$d23409

