=LDR  01033ncm a2200229 i 4500
=001  23410
=008  950612b\\\\\\\\\\\\\\\|||\\\\\\\\\\ita|c
=041  \\$aita
=059  \\$afl bc
=100  \\$aLocatelli, Pietro Antonio$d1695-1764$1http://www.wikidata.org/entity/Q702722$4cmp$912443
=240  \\$aOp. 2
=245  10$aXII sonate à flauto traversiere solo è basso
=246  \\$a12 sonate à flauto traversiere solo è basso
=300  \\$a[38] pages$b(some are loose)
=500  \\$aCopies of sonates II & VII-XI
=648  \0$a18th Century (1701-1800)$1http://www.wikidata.org/entity/Q7015$920899
=650  \0$aSonata$1http://www.wikidata.org/entity/Q131269$921653
=650  \0$aFlute$1http://www.wikidata.org/entity/Q11405$1http://www.wikidata.org/entity/Q209554$921276
=650  \0$aBasso continuo$1http://www.wikidata.org/entity/Q724321$921065
=942  \\$cSCO
=952  \\$00$10$2ddc$40$6SCO_S_LOCA$70$8SCO$927335$aORPH$bORPH$cKTS1_H$d2025-07-18$eKoopman$i14D23$l0$oSCO S LOCA$p20124668$r2025-07-18 13:02:15$w2025-07-18$ySCO
=999  \\$d23410

