=LDR  01116ncm a2200265zcb4500
=001  23411
=008  061025r19981620\\\\\lf\\\\\\\\\\\|\mul\d
=024  2\$aM706701028
=041  0\$aeng$dlat
=100  1\$aLukačić, Ivan$d1585-1648$4cmp$940874
=240  10$aSacrae cantiones
=245  10$aSacrae cantiones singulis binis ternis quaternis quinisque vocibus concinendae
=250  \\$afacs. ed.
=260  \\$aZagreb$bMuzicki Informativni Centar Koncertne direkcije Zagreb$c1998
=300  \\$a[ix]-[116] pages
=490  \\$aHereditas musicae$v1
=505  \\$gCantus -- Altus -- Tenor -- Bassus -- Organum
=534  \\$cVenice: Gardani, 1620
=648  \0$a17th Century (1601-1700)$1http://www.wikidata.org/entity/Q7016$920923
=650  \0$aVocal music$1http://www.wikidata.org/entity/Q685884$93319
=650  \0$aReligion$1http://www.wikidata.org/entity/Q9174$93062
=650  \0$aSong$1http://www.wikidata.org/entity/Q7366$94164
=942  \\$cSCO
=952  \\$00$10$2ddc$40$6SCO_S_LUKA$70$8SCO$927336$aORPH$bORPH$cKTS1_H$d2025-07-18$eKoopman$i13I47$l0$oSCO S LUKA$p20126420$r2025-07-18 15:32:11$w2025-07-18$ySCO
=999  \\$d23411

