=LDR  01156ncm a2200253 cb4500
=001  23412
=008  960223r19941710xx\||le\\||||||||\|\eng\d
=041  \\$aeng$afre
=100  \\$aLully, Jean-Baptiste$d1632-1687$1http://www.wikidata.org/entity/Q1192$4cmp$95867
=245  10$aOuverture, chaconne & tous les autres airs à jouer de l'opera d Armide
=250  \\$afacs. ed.
=260  \\$aNew York$bPerformers' Facs.$c1994
=300  \\$a4 parts (15+15+11+15 pages)
=490  \\$aPerformers' Facsimiles$v113
=505  \\$gDessus -- Second dessus -- Taille -- Basse
=534  \\$cAmsterdam: Roger, 1710
=648  \0$a17th Century (1601-1700)$1http://www.wikidata.org/entity/Q7016$920923
=648  \0$a18th Century (1701-1800)$1http://www.wikidata.org/entity/Q7015$920899
=650  \0$aOpera$1http://www.wikidata.org/entity/Q1344 $92468
=650  \0$aOverture$1http://www.wikidata.org/entity/Q202287$921591
=650  \0$aAir$1http://www.wikidata.org/entity/Q406714$924073
=942  \\$cSCO
=952  \\$00$10$2ddc$40$6SCO_S_LULL$70$8SCO$927337$aORPH$bORPH$cKTS1_H$d2025-07-18$eKoopman$i13G40$l0$oSCO S LULL$p20124910$r2025-07-18 15:55:35$w2025-07-18$ySCO
=999  \\$d23412

