=LDR  01371ncm a2200277 cb4500
=001  23414
=008  870612r19821692xx\||le\\||||||||\|\mul\d
=041  0\$afre$aita
=100  \\$aMarais, Marin$d1656-1728$1http://www.wikidata.org/entity/Q213519$4cmp$912780
=245  10$aPièces en trio pour les flûtes, violon et dessus de viole
=250  \\$afacs. ed.
=260  \\$aFlorence$bStudio per Edizioni Scelte$c1982
=300  \\$a3 parts ([x]-114+114+114 pages)$bheld in cardboard box$coblong
=490  \\$aArchivum musicum / L'art de la flûte traversière$v20
=505  \\$g1er Dessus -- 2me Dessus -- Basse-Continue
=534  \\$cParis: 1692
=648  \0$a17th Century (1601-1700)$1http://www.wikidata.org/entity/Q7016$920923
=650  \0$aChamber music$1http://www.wikidata.org/entity/Q189201$92105
=650  \0$aTrio$1http://www.wikidata.org/entity/Q281643$921327
=650  \0$aFlute$1http://www.wikidata.org/entity/Q11405$1http://www.wikidata.org/entity/Q209554$921276
=650  \0$aViolin$1http://www.wikidata.org/entity/Q8355$92783
=650  \0$aViol$1http://www.wikidata.org/entity/Q40125$94621
=650  \0$aBasso continuo$1http://www.wikidata.org/entity/Q724321$921065
=942  \\$cSCO
=952  \\$00$10$2ddc$40$6SCO_S_MARA$70$8SCO$927339$aORPH$bORPH$cKTS1_H$d2025-07-22$eKoopman$i13J14$l0$oSCO S MARA$p20127093$r2025-07-22 11:52:28$w2025-07-22$ySCO
=999  \\$d23414

