=LDR  01039ncm a22002531cb4500
=001  23415
=008  930622r19791655\\\||le\\||||||||\|\ita\d
=041  \\$aita
=059  \\$a2vn va bc
=100  1\$aMarini, Biagio$d1594-1665$4cmp
=240  \\$aOp. 22
=245  \\$aSonate da chiesa e da camera$ba due, tre, e a quattro
=250  \\$afacs. ed.
=260  \\$aFlorence$bStudio per Edizioni Scelte$c1979
=300  \\$a4 parts ([iii]-28+[iii]-24+[ii]-28+[ii]-27 pages)$bheld in cardboard box
=490  \\$aArchivum musicum / Collana di testi rari$v18
=534  \\$cVenice: 1655
=650  \0$aSonata$1http://www.wikidata.org/entity/Q131269$921653
=650  \0$aViolin$1http://www.wikidata.org/entity/Q8355$92783
=650  \0$aViola$1http://www.wikidata.org/entity/Q80284$921810
=650  \0$aBasso continuo$1http://www.wikidata.org/entity/Q724321$921065
=942  \\$cSCO
=952  \\$00$10$2ddc$40$6SCO_S_MARI$70$8SCO$927340$aORPH$bORPH$cKTS1_H$d2025-07-22$eKoopman$i14A13$l0$oSCO S MARI$p20124571$r2025-07-22 12:21:41$w2025-07-22$ySCO
=999  \\$d23415

