=LDR  00881ncm a2200205 c 4500
=001  23419
=008  870612s1980\\\\xx\||||\\||||||||\|\fre\d
=041  \\$afre$dlat
=100  \\$aMondonville, Jean-Joseph Cassanéa de$d1711-1772$1http://www.wikidata.org/entity/Q371862$4cmp$95396
=245  10$aVenite exultemus, De profundis
=250  \\$afacs. ed.
=260  \\$aBéziers$bSociété de Musicologie du Languedoc$c1980
=300  \\$a[97] pages
=648  \0$a18th Century (1701-1800)$1http://www.wikidata.org/entity/Q7015$920899
=650  \0$aMotet$1http://www.wikidata.org/entity/Q188285$92028
=651  \0$aFrance$1http://www.wikidata.org/entity/Q142$9131
=700  \\$aMachard, Roberte$4win$912521
=942  \\$cSCO
=952  \\$00$10$2ddc$40$6SCO_S_MOND$70$8SCO$927344$aORPH$bORPH$cKTS1_H$d2025-07-22$eKoopman$i14C05$l0$oSCO S MOND$p20126220$r2025-07-22 17:12:29$w2025-07-22$ySCO
=999  \\$d23419

