=LDR  00937ncm a22002291i 4500
=001  23420
=008  031125s19721615\\\\\\\|||\\\\\\\\\\ita|c
=020  \\$a0576281778
=041  \7$aita$aeng$dita
=100  \\$aMonteverdi, Claudio$d1567-1643$4aut$1http://www.wikidata.org/entity/Q53068$910794
=245  12$aL'Orfeo:$bfavola in musica
=250  \\$afacs. ed.
=260  \\$bGregg International Publischers Limited$c1972
=300  \\$a100 pages
=534  \\$a2nd. ed.$cVenice: Amadino, 1615
=648  \0$a17th Century (1601-1700)$1http://www.wikidata.org/entity/Q7016$920923
=650  \0$aOpera$1http://www.wikidata.org/entity/Q1344 $92468
=651  \0$aItaly$1http://www.wikidata.org/entity/Q38$922
=700  \\$aStevens, Denis$4win$914232$d1922-2004
=942  \\$cSCO
=952  \\$00$10$2ddc$40$6SCO_S_MONT2$70$8SCO$927345$aORPH$bORPH$cKTS1_H$d2025-07-29$eKoopman$i14F49$l0$oSCO S MONT2$p20124810$r2025-07-29 12:30:25$w2025-07-29$ySCO
=999  \\$d23420

