=LDR  01020ncm a22002297i 4500
=001  23421
=008  151215s1973\\\\it\||||||\\\\|||||\|||||c
=041  \7$aita
=100  \\$aMonteverdi, Claudio$d1567-1643$1http://www.wikidata.org/entity/Q53068$4cmp$910794
=245  10$aDue lettere amorose:$bin genere rappresentativo
=250  \\$afacs. ed.
=260  \\$aFlorence$bCentro Studi Rinascimento Musicale$c1973
=300  \\$a35-29 pages
=648  \0$a17th Century (1601-1700)$1http://www.wikidata.org/entity/Q7016$920923
=650  \0$aSong$1http://www.wikidata.org/entity/Q7366$94164
=650  \0$aBasso continuo$1http://www.wikidata.org/entity/Q724321$921065
=651  \0$aFlorence (Italy)$1http://www.wikidata.org/entity/Q2044$9248
=700  1\$aAnfuso, N.$d1942-$4edt$4aut$940878
=700  1\$aGianuario, Annibale$4edt$4aut$940879
=942  \\$cSCO
=952  \\$00$10$2ddc$40$6SCO_S_MONT2$70$8SCO$927346$aORPH$bORPH$cKTS1_H$d2025-07-29$eKoopman$i14D30$l0$oSCO S MONT2$p20124661$r2025-07-29 13:38:59$w2025-07-29$ySCO
=999  \\$d23421

