=LDR  02212ncm a2200325 ca4500
=001  23422
=008  030519r19921610\\\\\lf\\\\\\\\\\\|\lat\d
=020  \\$a9068530658
=041  0\$alat
=100  \\$aMonteverdi, Claudio$d1567-1643$1http://www.wikidata.org/entity/Q53068$4cmp$910794
=240  10$aSanctissimae virgini missa senis vocibus ac vesperae pluribus decantandae
=245  10$aSanctissimae virgini missa senis vocibus ac vesperae
=250  \\$afacs. ed.
=260  \\$aPeer$bAlamire$c1992
=300  \\$a7 parts (46+46+50+46+50+46+26 pages)
=490  \\$aBaroque, classicism and romanticism facsimile series
=534  \\$cVenezia: Amadino, 1610
=648  \0$a17th Century (1601-1700)$1http://www.wikidata.org/entity/Q7016$920923
=650  \0$aVespers$1http://www.wikidata.org/entity/Q827135$93370
=651  \0$aItaly$1http://www.wikidata.org/entity/Q38$922
=700  \\$aSchreurs, Eugeen$1http://www.wikidata.org/entity/Q112392908$4edt$915924
=942  \\$cSCO
=952  \\$00$10$2ddc$3Cantus$40$6SCO_S_MONT2$70$8SCO$927347$aORPH$bORPH$cKTS1_H$d2025-07-29$eKoopman$i13G10$l0$oSCO S MONT2$p20124948$r2025-07-29 16:49:39$w2025-07-29$ySCO
=952  \\$00$10$2ddc$3Altus$40$6SCO_S_MONT2$70$8SCO$927348$aORPH$bORPH$cKTS1_H$d2025-07-29$eKoopman$i13G10$l0$oSCO S MONT2$p20124947$r2025-07-29 16:49:39$w2025-07-29$ySCO
=952  \\$00$10$2ddc$3Tenor$40$6SCO_S_MONT2$70$8SCO$927349$aORPH$bORPH$cKTS1_H$d2025-07-29$eKoopman$i13G10$l0$oSCO S MONT2$p20124946$r2025-07-29 16:49:39$w2025-07-29$ySCO
=952  \\$00$10$2ddc$3Bassus$40$6SCO_S_MONT2$70$8SCO$927350$aORPH$bORPH$cKTS1_H$d2025-07-29$eKoopman$i13G10$l0$oSCO S MONT2$p20124945$r2025-07-29 16:49:39$w2025-07-29$ySCO
=952  \\$00$10$2ddc$3Quintus$40$6SCO_S_MONT2$70$8SCO$927351$aORPH$bORPH$cKTS1_H$d2025-07-29$eKoopman$i13G10$l0$oSCO S MONT2$p20124944$r2025-07-29 16:49:39$w2025-07-29$ySCO
=952  \\$00$10$2ddc$3Sextus$40$6SCO_S_MONT2$70$8SCO$927352$aORPH$bORPH$cKTS1_H$d2025-07-29$eKoopman$i13G10$l0$oSCO S MONT2$p20124943$r2025-07-29 16:49:39$w2025-07-29$ySCO
=952  \\$00$10$2ddc$3Septimus$40$6SCO_S_MONT2$70$8SCO$927353$aORPH$bORPH$cKTS1_H$d2025-07-29$eKoopman$i13G10$l0$oSCO S MONT2$p20124942$r2025-07-29 16:49:39$w2025-07-29$ySCO
=999  \\$d23422

