=LDR  01097ncm a2200253 c 4500
=001  23425
=008  920903r19901742\\\\\a|\\\\\\\\\\\|\fre\d
=020  \\$a2905400676
=041  \\$afre
=100  \\$aMouret, Jean-Joseph$d1682-1738$1http://www.wikidata.org/entity/Q960766$4cmp$96839
=240  10$aLes amours de Ragonde
=245  10$aRagonde :$bou La soirée de village
=250  \\$afacs. ed.
=260  \\$aBéziers$bSociété de Musicologie de Languedoc$c1990
=300  \\$a131 pages
=534  \\$cParis: Mouret, Boivin, Le Clerc, 1742
=648  \0$a18th Century (1701-1800)$1http://www.wikidata.org/entity/Q7015$920899
=650  \0$aOpéra comique$1http://www.wikidata.org/entity/Q785479$926167
=650  \0$aPastoral$1http://www.wikidata.org/entity/Q1472271$92271
=650  \0$aDivertissement$1http://www.wikidata.org/entity/Q1230604$926319
=651  \0$aFrance$1http://www.wikidata.org/entity/Q142$9131
=942  \\$cSCO
=952  \\$00$10$2ddc$40$6SCO_S_MOUR$70$8SCO$927356$aORPH$bORPH$cKTS1_H$d2025-07-30$eKoopman$i14B22$l0$oSCO S MOUR$p20124620$r2025-07-30 10:59:29$w2025-07-30$ySCO
=999  \\$d23425

