=LDR  01866ncm a2200289 c 4500
=001  23426
=008  930714n\\\\\\\\\\\\\a|\\\\\\\\\\\|\fre\d
=020  \\$a2905400714
=020  \\$a2905400161
=020  \\$a2905400382
=020  \\$a2905400641
=020  \\$a290540082X
=041  \\$afre
=100  \\$aMouret, Jean-Joseph$d1682-1738$1http://www.wikidata.org/entity/Q960766$4cmp$96839
=240  \\$aDivertissements du nouveau théâtre italien
=245  \\$aDivertissemens
=260  \\$aBéziers$bSociété de Musicologie de Languedoc
=300  \\$a5 vols. [45]+[39]+[43]+[39]+[37] pages)
=500  \\$aIncomplete series: 1st & 3rd vol. are missing
=505  \\$gLes Fées -- Les Mascarades Amoureuses -- Les Gaulois$gHypolite & Aricie (parodie) -- Arlequin Mogol$gLa Surprise de la Haine -- L'Apologie du siècle ou Momus corrigé -- Pygmalion -- Les Billets doux$gLe déguisement -- Les femmes corsaires -- Le conte de fée -- Vénus à Paphos$gLes Indes Chantantes -- Les Amours Anonymes -- Le Retour de Mars
=942  \\$cSCO
=952  \\$00$10$2ddc$40$6SCO_S_MOUR$70$8SCO$927357$aORPH$bORPH$cKTS1_H$d2025-07-30$eKoopman$i13J16$l0$oSCO S MOUR$p20127091$r2025-07-30 11:06:58$w2025-07-30$ySCO
=952  \\$00$10$2ddc$40$6SCO_S_MOUR$70$8SCO$927358$aORPH$bORPH$cKTS1_H$d2025-07-30$eKoopman$i13J17$l0$oSCO S MOUR$p20127090$r2025-07-30 11:06:58$w2025-07-30$ySCO
=952  \\$00$10$2ddc$40$6SCO_S_MOUR$70$8SCO$927359$aORPH$bORPH$cKTS1_H$d2025-07-30$eKoopman$i13J19$l0$oSCO S MOUR$p20127088$r2025-07-30 11:06:58$w2025-07-30$ySCO
=952  \\$00$10$2ddc$40$6SCO_S_MOUR$70$8SCO$927360$aORPH$bORPH$cKTS1_H$d2025-07-30$eKoopman$i14B26$l0$oSCO S MOUR$p20124616$r2025-07-30 11:06:58$w2025-07-30$ySCO
=952  \\$00$10$2ddc$40$6SCO_S_MOUR$70$8SCO$927361$aORPH$bORPH$cKTS1_H$d2025-07-30$eKoopman$i13J20$l0$oSCO S MOUR$p20124993$r2025-07-30 11:06:58$w2025-07-30$ySCO
=999  \\$d23426

