=LDR  00998ncm a2200241 cb4500
=001  23428
=008  980714r19981779xx\||a|\\||||||||\|\mul\d
=020  \\$z3950007206
=041  0\$ager$aeng
=100  \\$aMozart, Wolfgang Amadeus$d1756-1791$1http://www.wikidata.org/entity/Q254$4cmp$95341
=245  10$aMissa in C, KV 317:$bKrönungsmesse
=246  \\$aCoronation Mass
=250  \\$afacs. ed.
=260  \\$aSalzburg$bInternationale Stiftung Mozarteum$c1998
=300  \\$a54-7 folios, 12 pages
=648  \0$a18th Century (1701-1800)$1http://www.wikidata.org/entity/Q7015$920899
=650  \0$aMass$1http://www.wikidata.org/entity/Q217295$92735
=651  \0$aSalzburg (Austria)$1http://www.wikidata.org/entity/Q34713$921433
=700  1\$aHintermaier, Ernst$d1944-$4win
=700  1\$aFerguson, Faye$4trl$940882
=942  \\$cSCO
=952  \\$00$10$2ddc$40$6SCO_S_MOZA1$70$8SCO$927363$aORPH$bORPH$cKTS1_H$d2025-07-30$eKoopman$i13I43$l0$oSCO S MOZA1$p20126424$r2025-07-30 14:39:43$w2025-07-30$ySCO
=999  \\$d23428

