=LDR  01079ncm a2200253 c 4500
=001  23430
=008  920115r19881689xx\||d|\\||||||||\|\freod
=020  \\$a2905400218
=041  \\$afre
=100  \\$aNivers, Guillaume-Gabriel$d1632-1714$1http://www.wikidata.org/entity/Q716279$4cmp$97673
=245  10$aMotets à voix seule, accompagnée de la basse continue
=250  \\$afacs. ed.
=260  \\$aBéziers$bSociété de Musicologie de Languedoc$c[1988]
=300  \\$a170 pages
=490  \\$aCollection le petit motet français
=534  \\$cParis: 1689
=648  \0$a17th Century (1601-1700)$1http://www.wikidata.org/entity/Q7016$920923
=650  \0$aMotet$1http://www.wikidata.org/entity/Q188285$92028
=650  \0$aBasso continuo$1http://www.wikidata.org/entity/Q724321$921065
=651  \0$aParis (France)$1http://www.wikidata.org/entity/Q90$9160
=700  1\$aRegnery, Jean$4win$940883
=942  \\$cSCO
=952  \\$00$10$2ddc$40$6SCO_S_NIVE$70$8SCO$927365$aORPH$bORPH$cKTS1_H$d2025-07-30$eKoopman$i14B24$l0$oSCO S NIVE$p20124618$r2025-07-30 15:40:47$w2025-07-30$ySCO
=999  \\$d23430

