=LDR  01094ncm a2200241 i 4500
=001  23431
=008  960305r19811564sz\mu\\|||\\\\\\\\\\fre|c
=020  \\$a2826607316
=041  \\$afre
=100  \\$aPacoloni, Giovanni$d?-c. 1600$1http://www.wikidata.org/entity/Q133889619$4aut$940665
=245  10$aTribus testudinibus ludenda carmina
=250  \\$afacs. ed.
=260  \\$aGenève$bMinkoff reprint$c1981
=300  \\$a3 vols. in 1 ([v]-23-54-46-[2] folios)
=534  \\$cLeuven: Phalèse, 1564
=648  \0$a16th Century (1501-1600)$1http://www.wikidata.org/entity/Q7017$920944
=650  \0$aLute$1http://www.wikidata.org/entity/Q180733$93944
=650  \0$aDance$1http://www.wikidata.org/entity/Q11639$1http://www.wikidata.org/entity/Q316930$924845
=651  \0$aPadua (Italy)$1http://www.wikidata.org/entity/Q617$923322
=700  \\$aVanhulst, Henri$1http://www.wikidata.org/entity/Q55947391$4win$919134
=942  \\$cSCO
=952  \\$00$10$2ddc$40$6SCO_S_PACO$70$8SCO$927366$aORPH$bORPH$cKTS1_H$d2025-07-30$eKoopman$i13I23$l0$oSCO S PACO$p20126385$r2025-07-30 16:43:54$w2025-07-30$ySCO
=999  \\$d23431

