=LDR  01027ncm a2200241 c 4500
=001  23432
=008  870612r19821680xx\||a|\\||||||||\|\fre\d
=020  \\$a2826607367
=041  \\$afre
=100  1\$aPerrine$4cmp$940884
=245  10$aPièces de luth en musique
=250  \\$afacs. ed.
=260  \\$aGenève$bMinkoff$c1982
=300  \\$a10-72 pages
=534  \\$cParis: Perrine, 1680
=590  \\$aavec des regles pour les touches parfaitem[en]t sur le luth, et sur le clavessin, dediées a monsieur de Bartillat
=648  \0$a17th Century (1601-1700)$1http://www.wikidata.org/entity/Q7016$920923
=650  \0$aLute$1http://www.wikidata.org/entity/Q180733$93944
=650  \0$aHarpsichord$1http://www.wikidata.org/entity/Q81982$92125
=650  \0$aDance$1http://www.wikidata.org/entity/Q11639$1http://www.wikidata.org/entity/Q316930$924845
=942  \\$cSCO
=952  \\$00$10$2ddc$40$6SCO_S_PERR$70$8SCO$927367$aORPH$bORPH$cKTS1_H$d2025-08-04$eKoopman$i14B31$l0$oSCO S PERR$p20124611$r2025-08-04 11:06:18$w2025-08-04$ySCO
=999  \\$d23432

