=LDR  01222ncm a2200229 i 4500
=001  23434
=008  950316r19801717\\\\\\\|||\\\\\\\\\\fre|c
=041  \\$afre
=100  1\$aPhilidor, Pierre Danican$d1681-1731$4aut$940885
=245  \\$a6 suittes a 2 flûtes traversières seules :$bavec 6 autres suittes dessus et basse
=246  \\$aVI suittes a II. flûtes traversières seules :$bavec VI. autres suittes dessus et basse
=260  \\$aFlorence$bStudio per Edizioni Scelte$c1980
=300  \\$a83 pages
=490  \\$aArchivum musicum / L'art de la flûte traversière$v7
=500  \\$aFacsimile reproductions of works 1, 2, and 3, and of the reduction of La Caccia in the Paris editions of 1717 and 1718.
=648  \0$a18th Century (1701-1800)$1http://www.wikidata.org/entity/Q7015$920899
=650  \0$aFlute$1http://www.wikidata.org/entity/Q11405$1http://www.wikidata.org/entity/Q209554$921276
=650  \0$aSuite$1http://www.wikidata.org/entity/Q203005$921718
=651  \0$aParis (France)$1http://www.wikidata.org/entity/Q90$9160
=942  \\$cSCO
=952  \\$00$10$2ddc$40$6SCO_S_PHIL5$70$8SCO$927369$aORPH$bORPH$cKTS1_H$d2025-08-04$eKoopman$i13G13$l0$oSCO S PHIL5$p20124938$r2025-08-04 12:01:46$w2025-08-04$ySCO
=999  \\$d23434

