=LDR  00938ncm a22002177i 4500
=001  23435
=008  910930r19681621it\muz\|||\\\\\\\\\\||||c
=041  \\$aita
=100  1\$aPicchi, Giovanni$d1571-1643$1http://www.wikidata.org/entity/Q1388720$4aut$97578
=245  \\$aIntavolatura di balli d'arpicordo
=250  \\$afacs. ed.
=260  \\$aBologna$bForni$c1968
=300  \\$a59 pages
=534  \\$c Venice: Vincenti, 1621
=648  \0$a17th Century (1601-1700)$1http://www.wikidata.org/entity/Q7016$920923
=650  \0$aHarpsichord$1http://www.wikidata.org/entity/Q81982$92125
=650  \0$aDance$1http://www.wikidata.org/entity/Q11639$1http://www.wikidata.org/entity/Q316930$924845
=651  \0$aVenice (Italy)$1http://www.wikidata.org/entity/Q641$91
=942  \\$cSCO
=952  \\$00$10$2ddc$40$6SCO_S_PICC$70$8SCO$927370$aORPH$bORPH$cKTS1_H$d2025-08-04$eKoopman$i14B50$l0$oSCO S PICC$p20124592$r2025-08-04 12:13:12$w2025-08-04$ySCO
=999  \\$d23435

