=LDR  01100ncm a2200241 cb4500
=001  23437
=008  090904s1977\\\\xx\||a|\\||||||||\|\eng\d
=020  \\$a0824026152
=041  \\$aeng$dita
=100  \\$aPollarolo, Carlo Francesco$d1653-1723$1http://www.wikidata.org/entity/Q1042169$4cmp$925411
=245  \\$aGl'inganni felici
=260  \\$aNew York$bGarland$c1977
=300  \\$a118 folios
=490  \\$aItalian opera 1640 - 1770$v16
=500  \\$aScore, reprod. from London, The British Library, MS Add. 16109
=648  \0$a18th Century (1701-1800)$1http://www.wikidata.org/entity/Q7015$920899
=650  \0$aOpera$1http://www.wikidata.org/entity/Q1344 $92468
=651  \0$aItaly$1http://www.wikidata.org/entity/Q38$922
=700  \\$aZeno, Apostolo$d1668-1750$1http://www.wikidata.org/entity/Q349507$4aut$921502
=700  \\$aBrown, Howard Mayer$d1930-1993$1http://www.wikidata.org/entity/Q3787230$4win$918996
=942  \\$cSCO
=952  \\$00$10$2ddc$40$6SCO_S_POLL$70$8SCO$927372$aORPH$bORPH$cKTS1_H$d2025-08-04$eKoopman$i13G60$l0$oSCO S POLL$p20124889$r2025-08-04 12:32:18$w2025-08-04$ySCO
=999  \\$d23437

