=LDR  01087ncm a22002417i 4500
=001  23439
=008  010510r19791676\\\\\a\|||\\\\\\\\\\ger|c
=041  \\$ager
=100  1\$aReusner, Esaias$d1636-1679$4cmp$940888
=245  10$aNeue Lauten-Früchte
=260  \\$aLeipzig$bZentralantiquariat der D.D.R.$c1979
=300  \\$a[64]-5 pages
=534  \\$cBrandenburg: Reusner, 1676
=590  \\$aallen dieses Instruments liebhabern zur Ergötzlichkeit, Ùbung und Nutzen
=648  \0$a17th Century (1601-1700)$1http://www.wikidata.org/entity/Q7016$920923
=650  \0$aLute$1http://www.wikidata.org/entity/Q180733$93944
=650  \0$aDance$1http://www.wikidata.org/entity/Q11639$1http://www.wikidata.org/entity/Q316930$924845
=650  \0$aTablature$1http://www.wikidata.org/entity/Q143217$93722
=651  \0$aGermany$1http://www.wikidata.org/entity/Q183$9155
=700  \\$aJaenecke, Joachim$4aft$911816
=942  \\$cSCO
=952  \\$00$10$2ddc$40$6SCO_S_REUS$70$8SCO$927374$aORPH$bORPH$cKTS1_H$d2025-08-04$eKoopman$i13G35$l0$oSCO S REUS$p20124915$r2025-08-04 15:15:48$w2025-08-04$ySCO
=999  \\$d23439

