=LDR  01309ncm a22002777i 4500
=001  23443
=008  020507r19901722ne\||a|||\\\\|||||\|mul|c
=020  \\$a9070907178
=041  \\$aeng$hlat$hger
=100  1\$aSuppig, Friedrich$4aut$940889
=245  \\$aLabyrinthus musicus ; Calculus musicus
=250  \\$afacs. ed.
=260  \\$aUtrecht$bThe Diapason Press$c1990
=300  \\$a190 pages
=590  \\$afacsimile of the manuscripts Paris, Bibliothèque du Conservatoire, Rés. F 211-212 (dated Dresden, 24 June 1722)
=648  \0$a18th Century (1701-1800)$1http://www.wikidata.org/entity/Q7015$920899
=650  \0$aFantasia$1http://www.wikidata.org/entity/Q836571$921930
=650  \0$aOrgan$1http://www.wikidata.org/entity/Q1444$92810
=650  \0$aHarpsichord$1http://www.wikidata.org/entity/Q81982$92125
=650  \0$aTuning$1http://www.wikidata.org/entity/Q858576$921655
=650  \0$aTemperament$1http://www.wikidata.org/entity/Q55073971$921656
=650  \0$aMusic theory$1http://www.wikidata.org/entity/Q193544$92662
=700  \\$aRasch, Rudolf$d1945-$1http://www.wikidata.org/entity/Q112427566$4edt$913439
=942  \\$cSCO
=952  \\$00$10$2ddc$40$6SCO_S_SUPP1$70$8SCO$927382$aORPH$bORPH$cKTS1_H$d2025-08-05$eKoopman$i13I07$l0$oSCO S SUPP1$p20126405$r2025-08-05 10:26:35$w2025-08-05$ySCO
=999  \\$d23443

