=LDR  00989ncm a22002417i 4500
=001  23445
=008  850703s1983\\\\\\\\\a\|||\\\\\\\\\\ita|c
=020  \\$a9788872426937
=041  \\$aita
=059  \\$av bc
=100  \\$aStradella, Alessandro$d1639-1682$1http://www.wikidata.org/entity/Q314765$4aut$911109
=245  \\$a12 cantate a voce sola$bms. Modena
=246  \\$aXII cantate
=250  \\$afacs. ed.
=260  \\$aFirenze$bStudio per Edizioni Scelte$c1983
=300  \\$a[xx]-[205] pages
=648  \0$a17th Century (1601-1700)$1http://www.wikidata.org/entity/Q7016$920923
=650  \0$aCantata$1http://www.wikidata.org/entity/Q174873$921603
=650  \0$aBasso continuo$1http://www.wikidata.org/entity/Q724321$921065
=700  \\$aMioli, Piero$1http://www.wikidata.org/entity/Q56488552$920213
=942  \\$cSCO
=952  \\$00$10$2ddc$40$6SCO_S_STRA2$70$8SCO$927384$aORPH$bORPH$cKTS1_H$d2025-08-05$eKoopman$i14C09$l0$oSCO S STRA2$p20126214$r2025-08-05 11:48:41$w2025-08-05$ySCO
=999  \\$d23445

