=LDR  00919ncm a2200217 cb4500
=001  23447
=008  980422s\\\\\\\\\\\||a|\\||||||||\|\mul\d
=041  \\$alat$afre
=100  1\$aTrazegnies, François-Joseph de$d1744-1820$4cmp$940890
=245  \\$aConcentus musici sex:$cclavicymbalo accommodati
=250  \\$afacs. ed.
=260  \\$aBas-oha$bBibliotheek KCB$bCRB Bibliothèque
=300  \\$a37 pages
=534  \\$cAntwerp: Wauters
=648  \0$a18th Century (1701-1800)$1http://www.wikidata.org/entity/Q7015$920899
=650  \0$aSonata$1http://www.wikidata.org/entity/Q131269$921653
=650  \0$aHarpsichord$1http://www.wikidata.org/entity/Q81982$92125
=651  \0$aAntwerp (Belgium)$1http://www.wikidata.org/entity/Q12892$920974
=942  \\$cSCO
=952  \\$00$10$2ddc$40$6SCO_S_TRAZ$70$8SCO$927387$aORPH$bORPH$cKTS1_H$d2025-08-05$eKoopman$i14I02$l0$oSCO S TRAZ$p20126291$r2025-08-05 14:49:54$w2025-08-05$ySCO
=999  \\$d23447

