=LDR  01183ncm a22002537ib4500
=001  23449
=008  070427r19921615ne\muz\|||\\\\\\\\\\||||c
=020  \\$a9072786025
=041  \7$adut
=100  1\$aVallet, Nicolas$dc. 1583-c. 1642$1http://www.wikidata.org/entity/Q326707$4cmp$939936
=245  \\$aSecretum musarum I
=250  \\$afacs. ed.
=260  \\$aUtrecht$bSTIMU & Dutch Lute Society$c1992
=300  \\$alviii-[26]-94 pages
=490  \\$aThe complete works of Nicolaes Vallet$v3
=505  \\$gHet gheheymenisse der Zang-Godinnen 1615 -- Paradisus Musicus Testudinis 1618
=648  \0$a17th Century (1601-1700)$1http://www.wikidata.org/entity/Q7016$920923
=650  \0$aLute$1http://www.wikidata.org/entity/Q180733$93944
=651  \0$aAmsterdam (Netherlands)$1http://www.wikidata.org/entity/Q727$9135
=700  \\$aGrijp, Louis Peter$d1954-2016$1http://www.wikidata.org/entity/Q1993783$4win$917692
=700  \\$aBurgers, Jan W. J.$1http://www.wikidata.org/entity/Q95242447$4aft$918490
=942  \\$cSCO
=952  \\$00$10$2ddc$40$6SCO_S_VALL$70$8SCO$927389$aORPH$bORPH$cKTS1_H$d2025-08-05$eKoopman$i14B14$l0$oSCO S VALL$p20124636$r2025-08-05 15:26:32$w2025-08-05$ySCO
=999  \\$d23449

