=LDR  01312ncm a22002777ib4500
=001  23450
=008  241118r19861615ne\muz\|||\\\\\\\\\\||||c
=020  \\$a9071559017
=041  \7$adut$aeng$afre
=100  1\$aVallet, Nicolas$dc. 1583-c. 1642$1http://www.wikidata.org/entity/Q326707$4cmp$939936
=245  \\$aEen en twintich psalmen Davids, ghestelt om te singhen ende spelen, 'tsamen,$p1615
=246  \\$aVingt et un Pseaumes de David, accomodés pour chanter & jouer du luth ensemble
=246  \\$a21 Psalms,  for voice and lute
=250  \\$afacs. ed.
=260  \\$aUtrecht$bDutch Lute Society & STIMU$c1986
=300  \\$axix-50 pages
=490  \\$aThe complete works of Nicolaes Vallet$v1
=534  \\$cAmsterdam: 1615
=648  \0$a17th Century (1601-1700)$1http://www.wikidata.org/entity/Q7016$920923
=650  \0$aPsalm$1http://www.wikidata.org/entity/Q12497663$92164
=650  \0$aLute$1http://www.wikidata.org/entity/Q180733$93944
=651  \0$aAmsterdam (Netherlands)$1http://www.wikidata.org/entity/Q727$9135
=700  \\$aGrijp, Louis Peter$d1954-2016$1http://www.wikidata.org/entity/Q1993783$4win$917692
=942  \\$cSCO
=952  \\$00$10$2ddc$40$6SCO_S_VALL$70$8SCO$927390$aORPH$bORPH$cKTS1_H$d2025-08-05$eKoopman$i14B12$l0$oSCO S VALL$p20124638$r2025-08-05 15:38:50$w2025-08-05$ySCO
=999  \\$d23450

