=LDR  01270ncm a22002777ib4500
=001  23451
=008  240904r19861620ne\muz\|||\\\\\\\\\\||||c
=020  \\$a9071559025
=041  \7$adut
=100  1\$aVallet, Nicolas$dc. 1583-c. 1642$1http://www.wikidata.org/entity/Q326707$4cmp$939936
=245  13$aRegia pietas, 1620:$p150 psalms for lute and voice ad lib.
=246  \\$aPietè royalle
=250  \\$afacs. ed.
=260  \\$aUtrecht$bDutch lute society & STIMU$c1986
=300  \\$axxiv-[18]-169 pages
=490  \\$aThe complete works of Nicolaes Vallet$v2
=534  \\$cAmsterdam: 1620
=648  \0$a17th Century (1601-1700)$1http://www.wikidata.org/entity/Q7016$920923
=650  \0$aPsalm$1http://www.wikidata.org/entity/Q12497663$92164
=650  \0$aLute$1http://www.wikidata.org/entity/Q180733$93944
=651  \0$aAmsterdam (Netherlands)$1http://www.wikidata.org/entity/Q727$9135
=700  \\$aGrijp, Louis Peter$d1954-2016$1http://www.wikidata.org/entity/Q1993783$4win$917692
=700  \\$aSpencer, Robert$d1932-1997$1http://www.wikidata.org/entity/Q98907712$4wam$916373
=942  \\$cSCO
=952  \\$00$10$2ddc$40$6SCO_S_VALL$70$8SCO$927391$aORPH$bORPH$cKTS1_H$d2025-08-05$eKoopman$i14B11$l0$oSCO S VALL$p20124639$r2025-08-05 15:45:26$w2025-08-05$ySCO
=999  \\$d23451

