=LDR  01176ncm a22002537ib4500
=001  23452
=008  070427r19861616ne\mua\|||\\\\\\\\\\dut|c
=020  \\$a9071559033
=041  \\$adut
=100  1\$aVallet, Nicolas$dc. 1583-c. 1642$1http://www.wikidata.org/entity/Q326707$4cmp$939936
=245  13$aSecretum musarum II:$pHet tweede Boeck van de Luyt-Tablatuer, ghenoemt het Gheheymenisse der Sangh-Goddinnen
=246  \1$aLe second Livre de tablature de luth, entitulé le Secret des muses
=250  \\$afacs. ed.
=260  \\$aUtrecht$bDutch Lute Society & STIMU$c1986
=300  \\$a49 pages$coblong
=490  \\$aThe complete works of Nicolaes Vallet$v4
=534  \\$cAmsterdam: 1616
=648  \0$a17th Century (1601-1700)$1http://www.wikidata.org/entity/Q7016$920923
=650  \0$aLute$1http://www.wikidata.org/entity/Q180733$93944
=650  \0$aTablature$1http://www.wikidata.org/entity/Q143217$93722
=651  \0$aAmsterdam (Netherlands)$1http://www.wikidata.org/entity/Q727$9135
=942  \\$cSCO
=952  \\$00$10$2ddc$40$6SCO_S_VALL$70$8SCO$927392$aORPH$bORPH$cKTS1_H$d2025-08-05$eKoopman$i14B13$l0$oSCO S VALL$p20124637$r2025-08-05 16:06:15$w2025-08-05$ySCO
=999  \\$d23452

