=LDR  01228ncm a22002297a 4500
=001  23453
=008  250805s20131618|||||a||\||||\00|\0\eng\d
=022  \\$a9789491748028
=100  1\$aVallet, Nicolas$dc. 1583-c. 1642$1http://www.wikidata.org/entity/Q326707$4cmp$939936
=245  \\$aCollected Works for Lute
=250  \\$afacs. ed.
=260  \\$aHaarlem$bStichting Spaarne Muziekdagen$bNederlandse Luitvereniging$c2013
=300  \\$a3 vols. (32+[iv]-94-[6]-50-50-[3]+[viii]-169 pages)
=505  \\$gIntroduction$gVol. 1: Paradisus Musicus Testudinis: Le Secret des Muses -- Le Secret des Muses, Le second Livre -- XXI. Pseaumes de David$gVol. 2: Regia Pietas
=648  \0$a17th Century (1601-1700)$1http://www.wikidata.org/entity/Q7016$920923
=650  \0$aLute$1http://www.wikidata.org/entity/Q180733$93944
=650  \0$aTablature$1http://www.wikidata.org/entity/Q143217$93722
=651  \0$aAmsterdam (Netherlands)$1http://www.wikidata.org/entity/Q727$9135
=700  \\$aGroot, Simon$1http://www.wikidata.org/entity/Q106976319$4win$918491
=942  \\$cSCO
=952  \\$00$10$2ddc$40$6SCO_S_VALL$70$8SCO$927393$aORPH$bORPH$cKTS1_H$d2025-08-05$eKoopman$i13J10$l0$oSCO S VALL$p20127097$r2025-08-05 16:27:52$w2025-08-05$ySCO
=999  \\$d23453

