=LDR  01300ncm a2200265 c 4500
=001  23456
=008  900725s19851709xx\\\\\\\||||\00|||\ger\d
=020  \\$a3487075091
=041  \\$ager
=100  1\$aVetter, Daniel$d1657-1721$4aut$940893
=245  10$aMusicalische Kirch- und Hauß-Ergötzlichkeit
=250  \\$afacs. ed.
=260  \\$aHildesheim$aZurich$aNew York$bOlms$c1985
=300  \\$a130-92 pages$coblong
=500  \\$aThis is a collection of four-part choral settings for organ and harpsichord, intended for both church services and domestic music-making circles.

=505  \\$g1st vol. (1709) contains 130 four-part chorale settings$g2nd vol. (1713) contains 91 additional chorale settings
=534  \\$cLeipzig: Vetter, 1709 & 1713
=648  \0$a18th Century (1701-1800)$1http://www.wikidata.org/entity/Q7015$920899
=650  \0$aChorale$1http://www.wikidata.org/entity/Q724473$921334
=650  \0$aOrgan$1http://www.wikidata.org/entity/Q1444$92810
=650  \0$aHarpsichord$1http://www.wikidata.org/entity/Q81982$92125
=651  \0$aLeipzig (Germany)$1http://www.wikidata.org/entity/Q2079$945
=942  \\$cSCO
=952  \\$00$10$2ddc$40$6SCO_S_VETT1$70$8SCO$927396$aORPH$bORPH$cKTS1_H$d2025-08-07$eKoopman$i13D67$l0$oSCO S VETT1$p20126075$r2025-08-07 13:08:01$w2025-08-07$ySCO
=999  \\$d23456

