=LDR  01004ncm a2200229 cb4500
=001  23458
=008  901126r19901608xx\||lf\\||||||||\|\engod
=041  \\$aeng
=100  \\$aWeelkes, Thomas$d1576-1623$1http://www.wikidata.org/entity/Q553908$4cmp$96254
=245  10$aAyeres or Phantasticke Spirites:$bfor 3 voices
=250  \\$afacs. ed.
=260  \\$aNew York$bPerformers' Facsimiles$cca. 1990
=300  \\$a3 parts (xxvi+xxvi+xxvi pages)$bheld together in cardboard folder
=490  \\$aPerformers' Facsimiles$v33
=505  \\$gCantus -- Tenor -- Bassus
=534  \\$cLondon: Barley, 1608
=648  \0$a17th Century (1601-1700)$1http://www.wikidata.org/entity/Q7016$920923
=650  \0$aSong$1http://www.wikidata.org/entity/Q7366$94164
=651  \0$aLondon (United Kingdom)$1http://www.wikidata.org/entity/Q84$9123
=942  \\$cSCO
=952  \\$00$10$2ddc$40$6SCO_S_WEEL$70$8SCO$927398$aORPH$bORPH$cKTS1_H$d2025-08-07$eKoopman$i13G27$l0$oSCO S WEEL$p20124923$r2025-08-07 15:15:01$w2025-08-07$ySCO
=999  \\$d23458

