=LDR  01083ncm a2200229 c 4500
=001  23460
=008  150603r1979uuuuxx\||a|\\||||||||\|\ger\d
=041  0\$ager
=100  \\$aWeiss, Silvius Leopold$d1687-1750$1http://www.wikidata.org/entity/Q379571$4cmp$923834
=245  10$a34 Suiten für Laute solo
=250  \\$afacs. ed.
=260  \\$aLeipzig$bZentralantiquariat der Deutschen Demokratischen Republik$c1979
=300  \\$a296-xi pages
=590  \\$aFaksimiledruck nach der handschriftlichen Tabulatur Mus. 2841-V-1 der Sächsischen Landesbibliothek Dresden 
=648  \0$a18th Century (1701-1800)$1http://www.wikidata.org/entity/Q7015$920899
=650  \0$aSuite$1http://www.wikidata.org/entity/Q203005$921718
=650  \0$aLute$1http://www.wikidata.org/entity/Q180733$93944
=651  \0$aGermany$1http://www.wikidata.org/entity/Q183$9155
=700  \\$aReich, Wolfgang$d1927-2015$4ctb$911684
=942  \\$cSCO
=952  \\$00$10$2ddc$40$6SCO_S_WEIS1$70$8SCO$927400$aORPH$bORPH$cKTS1_H$d2025-08-07$eKoopman$i14B33$l0$oSCO S WEIS1$p20124609$r2025-08-07 15:50:20$w2025-08-07$ySCO
=999  \\$d23460

