=LDR  01106ncm a2200241 c 4500
=001  23461
=008  951031r19901797xx\||a|\\||||||||\|\mulod
=020  \\$a8270001597
=041  \\$anor$aeng$dita
=100  1\$aWernicke, Israel Gottlieb$d1755-1836$4cmp$940895
=245  10$aArietta con 50 variazioni:$bper il clavicembalo
=260  \\$aOslo$bUniversitetsbibliotekets Hustrykkeri$c1990
=300  \\$a42 pages$boblong
=648  \0$a18th Century (1701-1800)$1http://www.wikidata.org/entity/Q7015$920899
=650  \0$aAria$1http://www.wikidata.org/entity/Q178122$921592
=650  \0$aTheme and variations$1http://www.wikidata.org/entity/Q763324$92038
=650  \0$aHarpsichord$1http://www.wikidata.org/entity/Q81982$92125
=650  \0$aKeyboard music$1http://www.wikidata.org/entity/Q105715630$921412
=651  \0$aNorway$1http://www.wikidata.org/entity/Q20$921700
=700  \\$aSteen-Nokleberg, Einar$d1944-$4win$940896
=942  \\$cSCO
=952  \\$00$10$2ddc$40$6SCO_S_WERN$70$8SCO$927401$aORPH$bORPH$cKTS1_H$d2025-08-07$eKoopman$i12D13b$l0$oSCO S WERN$p20144410$r2025-08-07 16:20:30$w2025-08-07$ySCO
=999  \\$d23461

