=LDR  01011ncm a2200229 c 4500
=001  23463
=008  910214r19881716xx\||a|\\||||||||\|\itaod
=020  \\$a2905400331
=041  \\$aita$afre
=100  \\$aZipoli, Domenico$d1688-1726$1http://www.wikidata.org/entity/Q134923$4cmp$913785
=240  10$aSonate d'intavolatura per organo e cimbalo, Op. 1
=245  10$aSonate d'intavolatura per organo, e cimbalo, parte prima
=250  \\$afacs. ed.
=260  \\$aBéziers$bSociété de Musicologie de Languedoc$c[1988]
=300  \\$a63 pages
=648  \0$a18th Century (1701-1800)$1http://www.wikidata.org/entity/Q7015$920899
=650  \0$aSonata$1http://www.wikidata.org/entity/Q131269$921653
=650  \0$aOrgan$1http://www.wikidata.org/entity/Q1444$92810
=650  \0$aHarpsichord$1http://www.wikidata.org/entity/Q81982$92125
=942  \\$cSCO
=952  \\$00$10$2ddc$40$6SCO_S_ZIPO$70$8SCO$927403$aORPH$bORPH$cKTS1_H$d2025-08-12$eKoopman$i14B23$l0$oSCO S ZIPO$p20124619$r2025-08-12 09:40:36$w2025-08-12$ySCO
=999  \\$d23463

