=LDR  01733ncm a2200289 c 4500
=001  23464
=008  870612r19831611xx\||lf\\||||||||\|\lat\d
=020  \\$a8322402333
=041  \\$alat$dpol
=100  \\$aZieleński, Mikołaj$d1550-1615$4cmp
=245  \\$aOffertoria et communiones totius anni
=260  \\$aKraków$bPolskie Wydawnictwo Muzyczne$c1983
=300  \\$a4 parts ([viii]-58-[42]+[viii]-54-[42]+[viii]-58-54+[viii]-61 pages)
=490  \\$aMonumenta musicae in Polonia. Seria D, Bibliotheca antiqua$vXI-XIV
=534  \\$cVenice: Vincent, 1611
=648  \\$a17th Century (1601-1700)$1http://www.wikidata.org/entity/Q7016$920923
=650  \\$aCatholicism$1http://www.wikidata.org/entity/Q1841$921631
=650  \\$aOffertory$1http://www.wikidata.org/entity/Q21653515$926758
=650  \\$aVocal music$1http://www.wikidata.org/entity/Q685884$93319
=651  \\$aVenice (Italy)$1http://www.wikidata.org/entity/Q641$91
=700  \\$aMorawski, J.$4edt$912864
=942  \\$cSCO
=952  \\$00$10$2ddc$3Cantus primi chori$40$6SCO_S_ZIEL$70$8SCO$927404$aORPH$bORPH$cKTS1_H$d2025-08-12$eKoopman$i14C43$l0$oSCO S ZIEL$p20126173$r2025-08-12 10:17:18$w2025-08-12$ySCO
=952  \\$00$10$2ddc$3Tenor primi chori$40$6SCO_S_ZIEL$70$8SCO$927405$aORPH$bORPH$cKTS1_H$d2025-08-12$eKoopman$i14C43$l0$oSCO S ZIEL$p20126172$r2025-08-12 10:19:45$w2025-08-12$ySCO
=952  \\$00$10$2ddc$3Tenor secundi chori$40$6SCO_S_ZIEL$70$8SCO$927406$aORPH$bORPH$cKTS1_H$d2025-08-12$eKoopman$i14C43$l0$oSCO S ZIEL$p20126170$r2025-08-12 10:19:45$w2025-08-12$ySCO
=952  \\$00$10$2ddc$3Altus secundi chori$40$6SCO_S_ZIEL$70$8SCO$927407$aORPH$bORPH$cKTS1_H$d2025-08-12$eKoopman$i14C43$l0$oSCO S ZIEL$p20126171$r2025-08-12 10:19:45$w2025-08-12$ySCO
=999  \\$d23464

