=LDR  01498ncm a2200301 c 4500
=001  23476
=008  930611r19871609xx\||ld\\||||||||\|\eng\d
=020  \\$a9068530232
=041  \\$aeng$dlat
=240  \\$aBicinia sive cantiones suavissimae duarum vocum
=245  10$aBicinia, sive cantiones
=250  \\$afacs. ed.
=260  \\$aPeer$bAlamire$c1987
=300  \\$a2 parts (10-[80]+[80] pages)
=500  \\$aVarious composers, for two vocal (SA, AT, or TB) or instrumental parts. Also includes 29 two-part instrumental Fantasias, 12 of which are by Lassus. 
=534  \\$cAntwerp: Phalesium, 1609
=648  \0$a17th Century (1601-1700)$1http://www.wikidata.org/entity/Q7016$920923
=650  \0$aVocal music$1http://www.wikidata.org/entity/Q685884$93319
=650  \0$aDuet$1http://www.wikidata.org/entity/Q109940$92394
=650  \0$aFantasia$1http://www.wikidata.org/entity/Q836571$921930
=651  \0$aAntwerp (Belgium)$1http://www.wikidata.org/entity/Q12892$920974
=700  1\$aStryckers, Piet$4win$940911
=700  \\$aSchreurs, Eugeen$1http://www.wikidata.org/entity/Q112392908$4edt$915924
=700  1\$aSanders, Martine$4edt$940371
=942  \\$cSCO
=952  \\$00$10$2ddc$3Superius$40$6SCO_S$70$8SCO$927419$aORPH$bORPH$cKTS1_H$d2025-08-13$eKoopman$i14B36a$l0$oSCO S$p20124606$r2025-08-13 16:04:06$w2025-08-13$ySCO
=952  \\$00$10$2ddc$3Tenor$40$6SCO_S$70$8SCO$927420$aORPH$bORPH$cKTS1_H$d2025-08-13$eKoopman$i14B36b$l0$oSCO S$p20124605$r2025-08-13 16:04:06$w2025-08-13$ySCO
=999  \\$d23476

