=LDR  01656nam a22003257a 4500
=001  23511
=008  250819s1971\\\\|||a||||\||||\00|\0bfre\d
=041  \\$afre
=100  \\$aHutin, Serge$4aut$940963
=245  \\$aRobert Fludd (1574-1637) : $balchimiste et philosophe rosicrucien
=250  \\$a1st ed.
=260  \\$aParis$bOmnium Littéraire$c1971
=300  \\$a174 pages$billustrations
=505  \\$gIncludes a list of illustrations and a table of contents
=600  \0$aFludd, Robert$d1574-1637$1http://www.wikidata.org/entity/Q453697$926803
=600  \0$aKepler, Johannes$d1571-1630$1http://www.wikidata.org/entity/Q8963$911985
=648  \0$a16th Century (1501-1600)$1http://www.wikidata.org/entity/Q7017$920944
=648  \0$a17th Century (1601-1700)$1http://www.wikidata.org/entity/Q7016$920923
=650  \0$aBiography$1http://www.wikidata.org/entity/Q36279$91927
=650  \0$aMedicine$1http://www.wikidata.org/entity/Q11190$921959
=650  \0$aPhilosopher$1http://www.wikidata.org/entity/Q4964182$926399
=650  \0$aEsotericism$1http://www.wikidata.org/entity/Q131505$925902
=650  \0$aHermeticism$1http://www.wikidata.org/entity/Q192933$94602
=650  \0$aAlchemy$1http://www.wikidata.org/entity/Q39689$922115
=650  \0$aRosicrucianism$1http://www.wikidata.org/entity/Q194267$922911
=651  \0$aLondon (United Kingdom)$1http://www.wikidata.org/entity/Q84$9123
=651  \0$aPrague (Czech Republic)$1http://www.wikidata.org/entity/Q1085$923092
=942  \\$cBOO
=952  \\$00$10$2ddc$40$6BIO_FLUD_D$70$8BIO$927458$aORPH$bORPH$cKTS1_P$d2025-07-25$g12.00$l0$oBIO FLUD d$p20140497$r2025-08-19 12:13:59$w2025-08-19$yBOO
=999  \\$d23511

