=LDR  01168nam a2200253 u 4500
=001  23528
=005  20250925143312.0
=008  150227s1935\\\\be\\\\\|r\\\\|000\||dut|d
=041  \\$adut
=245  00$aConcerten voor studenten:$bkwartettencyclus Beethoven
=260  \\$aLedeberg$bErasmus$c1935
=300  \\$a16 pages
=490  \\$aConcerten "pro arte" -Coolidge
=500  \\$aIncluding official invitation for the 6 concerts in this series.
=600  \0$aBeethoven, Ludwig van$d1770-1827$1http://www.wikidata.org/entity/Q255$95335
=648  \0$a20th Century (1901-2000)$1http://www.wikidata.org/entity/Q6927$920936
=650  \0$aString quartet$1http://www.wikidata.org/entity/Q207338$94110
=650  \0$aConcert$1http://www.wikidata.org/entity/Q182832$921044
=651  \0$aGhent (Belgium)$1http://www.wikidata.org/entity/Q1296$920924
=710  \\$aRijksuniversiteit Gent$1http://www.wikidata.org/entity/Q1137665$91511
=942  \\$cBOO
=952  \\$00$10$2ddc$40$70$927475$aORPH$bORPH$d2025-08-19$l0$p20144451$r2025-08-19 15:58:23$w2025-08-19$yBOO
=952  \\$00$10$2ddc$40$70$927476$aORPH$bORPH$d2025-08-19$l0$p20144452$r2025-08-19 15:58:57$w2025-08-19$yBOO
=999  \\$d23528

