=LDR  01464nam a2200229 a 4500
=001  23533
=005  20250926134900.0
=008  090327s1908\\\\be\\\\\\r\\\\\000\0\fre\d
=041  \\$afre
=100  1\$aDelhaye, Louis$4aut$940991
=245  \\$aLa Passion selon Saint Jean de Jean Sébastien Bach
=260  \\$aAntwerp$bFlandria$c1908
=300  \\$a37 pages
=520  \\$a This book discusses the Passion of Jesus Christ according to the Gospel of John, but it focuses primarily on Bach's music. Delhaye explores the theological and spiritual significance of Bach's music, as well as its historical and musical importance. He also examines the different versions of Bach's St John Passion, focusing on the differences between the versions and explaining why some are considered superior to others. Finally, Delhaye examines how Bach's St John Passion has been interpreted and performed over the years, focusing on historical and contemporary performances.
=600  \0$aBach, Johann Sebastian$d1685-1750$1http://www.wikidata.org/entity/Q1339$94766
=650  \0$aPassion$1http://www.wikidata.org/entity/Q781815$92006
=650  \0$aPerformance$1http://www.wikidata.org/entity/Q6942562$926223
=650  \0$aMusic history$1http://www.wikidata.org/entity/Q846047$921373
=650  \0$aReligion$1http://www.wikidata.org/entity/Q9174$93062
=942  \\$cBOO
=952  \\$00$10$2ddc$40$70$927482$aORPH$bORPH$d2025-08-19$l0$p20144453$r2025-08-19 16:36:07$w2025-08-19$yBOO
=999  \\$d23533

