=LDR  01137nam a2200253 cb4500
=001  23583
=008  090525s2008\\\\xx\agl|\\||||\00|||\nor\d
=020  \\$a9788278530542
=041  0\$anor
=100  \\$aSteinsland, Ruth Solveig$d1969-$4aut$941011
=245  10$aDe glemte konsertene:$btre obokonserter av Förster fra svenske 1700-talls kilder
=260  \\$aOslo$bNorges Musikkhøgskole$c2008
=300  \\$ax-251 pages$eCD
=490  \\$aNMH-publikasjoner$v2008:5
=500  \\$a"The forgotten concertos: three oboe concertos by Förster from Swedish 18th-c. sources"
=600  10$aFörster, Christoph$d1693-1745$941015
=648  \0$a18th Century (1701-1800)$1http://www.wikidata.org/entity/Q7015$920899
=650  00$aMusical analysis$1http://www.wikidata.org/entity/Q1544924$92775
=650  00$aOboe$1http://www.wikidata.org/entity/Q8377$91905
=650  00$aConcerto$1http://www.wikidata.org/entity/Q9748$921817
=700  12$aFörster, Christoph$d1693-1745$4aut
=942  \\$cBOO
=952  \\$00$10$2ddc$40$6BIO_FORS1_E$70$8BIO$927530$aORPH$bORPH$cKTS1_P$d2025-08-21$l0$oBIO FORS1 e$p20126008$r2025-08-21 12:17:36$w2025-08-21$yBOO
=999  \\$d23583

