=LDR  02489njm a22003977a 4500
=001  23730
=005  20250926134901.0
=008  250905s1992\\\\||||||||\||||\00|\0\dut\d
=024  \\$aTsj CD 9202
=041  \\$adut
=100  \\$aDijk, Peter van$4prf$919446$eOrgan
=245  \\$a17e en 18e eeuwse orgelwerken$bgespeeld op het kabinetorgel van het Diakonessenhuis te Utrecht
=260  \\$aUtrecht$bDiakonessenhuis$c1992
=610  \0$aDiakonessenhuis (Utrecht, Netherlands)$1http://www.wikidata.org/entity/Q2126530$941130
=648  \0$a18th Century (1701-1800)$1http://www.wikidata.org/entity/Q7015$920899
=650  \0$aOrgan music$1http://www.wikidata.org/entity/Q116958279$91951
=651  \0$aGermany$1http://www.wikidata.org/entity/Q183$9155
=651  \0$aNetherlands$1http://www.wikidata.org/entity/Q55$1http://www.wikidata.org/entity/Q29999$9173
=700  \\$aPool, Philip$d1709-?$4cmp$95539
=700  \\$aBrönnemüller, Elias$dc. 1666-1762$1http://www.wikidata.org/entity/Q1328989$4cmp$941128
=700  \\$aSteenwick, Gisbert$d1642-1679$1http://www.wikidata.org/entity/Q5564867$4cmp$925060
=700  \\$aBuxtehude, Dietrich$d1637-1707$1http://www.wikidata.org/entity/Q153637$4cmp$910062
=700  \\$aPachelbel, Johann$d1653-1706$1http://www.wikidata.org/entity/Q76485$4cmp$913127
=700  \\$aKuhnau, Johann$d1660-1722$1http://www.wikidata.org/entity/Q157359$4cmp$95086
=700  \\$aTelemann, Georg Philipp$d1681-1767$1http://www.wikidata.org/entity/Q75854$4cmp$99287
=700  \\$aBach, Johann Sebastian$d1685-1750$1http://www.wikidata.org/entity/Q1339$4cmp$94766
=700  \\$aHandel, George Frideric$d1685-1759$1http://www.wikidata.org/entity/Q7302$4cmp$94765
=700  \\$aScarlatti, Domenico$d1685-1757$1http://www.wikidata.org/entity/Q167837$4cmp$95383
=700  \\$aMozart, Leopold$d1719-1787$1http://www.wikidata.org/entity/Q156280$4arr$912887
=700  \\$aEberlin, Johann Ernst$d1702-1762$1http://www.wikidata.org/entity/Q566304$4cmp$97217
=700  \\$aEstendorffer, Anton$d1670-1711$1http://www.wikidata.org/entity/Q85960795$4cmp$941129
=700  \\$aBlankenburg, Quirinus van$d1654-1739$1http://www.wikidata.org/entity/Q3258957$4cmp$95596
=700  \\$aRuppe, Christian Friedrich$d1753-1826$1http://www.wikidata.org/entity/Q87946$4cmp$94784
=942  \\$cREC
=952  \\$00$10$2ddc$40$6REC_CD_DIJK_1992_000000000000000$70$8REC$927677$aORPH$bORPH$cKM12_2_B$d2025-09-05$l0$oREC CD DIJK 1992$p20140498$r2025-09-05 12:05:52$w2025-09-05$yREC
=999  \\$d23730

