=LDR  00583nam a22001457a 4500
=001  23732
=008  250908b\\\\\\\\||||||||\||||\00|\0\###\d
=245  \\$aTripod K&F Concept$bT255A4
=260  \\$aChina$bKentfaith$c2025
=300  \\$a1$cTelescopic tripod
=520  \\$aTripod with Transverse Center Column system made from aluminium.


=856  \\$3Official website$uhttps://www.kentfaith.com/KF09.085V3_horizontal-aluminum-camera-tripod-67-inch-10kg-orange
=942  \\$cEQU
=952  \\$00$10$2ddc$40$70$8EQU$927679$aORPH$bORPH$cKTS0 S$d2025-03-01$l0$r2025-09-08 15:09:24$w2025-09-08$yEQU
=999  \\$d23732

