=LDR  00483nam a22001337a 4500
=001  23733
=008  250908b\\\\\\\\||||||||\||||\00|\0\###\d
=245  \\$aLED light set$bDyna core EL-500D/T, Manfrotto 1051BAC
=260  \\$bManfrotto
=260  \\$bDynacore
=300  \\$a3$cthree LED light sets Dynacore EL-500D/T with chargers$ethree tripods Manfrotto 1051BAC
=942  \\$cEQU
=952  \\$00$10$2ddc$40$70$8EQU$927680$aORPH$bORPH$cKTS0 S$d2025-09-08$l0$r2025-09-08 15:17:48$w2025-09-08$yEQU
=999  \\$d23733

