=LDR  01043nam a2200253 c 4500
=001  23744
=005  20250925143312.0
=008  250409s2025\\\\xxua|||\\||||\00|||\eng\d
=020  \\$a9780393540833
=040  \\$aOI
=041  0\$aeng
=100  \\$aHajdu, David$d1955-$4aut$941161
=245  10$aThe Uncanny Muse$bMusic, Art, Machines from Automata to AI
=250  \\$a1st ed.
=260  \\$aNew York, NY$bNorton$c2025
=300  \\$axii-285 pages
=648  \0$a19th Century (1801-1900)$1http://www.wikidata.org/entity/Q6955$920935
=648  \0$a20th Century (1901-2000)$1http://www.wikidata.org/entity/Q6927$920936
=648  \0$a21st Century (2001-2100)$1http://www.wikidata.org/entity/Q6939$920812
=650  \0$aMechanical musical instrument$1http://www.wikidata.org/entity/Q8614972$926213
=650  \0$aArtificial intelligence$1http://www.wikidata.org/entity/Q11660$92413
=942  \\$cBOO
=952  \\$00$10$2ddc$40$6INS_10D$70$8INS$927691$aORPH$bORPH$cKTS0$d2025-08-29$g18.82$l0$oINS10d$p20140501$r2025-09-10 14:21:48$w2025-09-10$yBOO
=999  \\$d23744

