=LDR  02162njm a22003737a 4500
=001  23894
=005  20250924102203.0
=008  250923b\\\\\\\\||||||||\||||\00|\0\dut\d
=024  \\$2Clavigram$a6814561
=041  \\$adut
=245  \\$a18e eeuwse Nederlandse kamermuziek
=260  \\$aAchter de Kerk 15-17, 4141 CJ Leerdam$bClavigram$cs.d.
=300  \\$aLP, stereo$c12"
=648  \0$a18th Century (1701-1800)$1http://www.wikidata.org/entity/Q7015$920899
=650  \0$aTrio sonata$1http://www.wikidata.org/entity/Q903425$921654
=650  \0$aSonata$1http://www.wikidata.org/entity/Q131269$921653
=650  \0$aFlute$1http://www.wikidata.org/entity/Q11405$1http://www.wikidata.org/entity/Q209554$921276
=650  \0$aHarpsichord$1http://www.wikidata.org/entity/Q81982$92125
=650  \0$aViolin$1http://www.wikidata.org/entity/Q8355$92783
=650  \0$aViolinist$1http://www.wikidata.org/entity/Q1259917$93278
=650  \0$aCello$1http://www.wikidata.org/entity/Q8371$92688
=700  \\$aHuggett, Monica$d1953-$1http://www.wikidata.org/entity/Q274012$4prf$924924$eBaroque Violin
=700  \\$aHazelzet, Wilbert$d1948-$1http://www.wikidata.org/entity/Q2570131$4prf$926095$eTraverso
=700  \\$aMathot, Tini$4prf$924763$eHarpsichord
=700  \\$aKoopman, Ton$d1944-$1https://orcid.org/0009-0005-0297-0216$1http://www.wikidata.org/entity/Q445121$4prf$910491
=700  \\$aMeer, Richte van der$1http://www.wikidata.org/entity/Q53115357$4prf$926096$eBaroque Cello
=700  \\$aFesch, Willem de$d1687-1761$1http://www.wikidata.org/entity/Q999550$4cmp$95302
=700  \\$aRuppe, Christian Friedrich$d1753-1826$1http://www.wikidata.org/entity/Q87946$4cmp$94784
=700  \\$aHellendaal, Pieter$d1721-1799$1http://www.wikidata.org/entity/Q1895286$939864
=700  \\$aRuloffs, Bartholomeus$d1741-1801$1http://www.wikidata.org/entity/Q15429005$4cmp$98294
=700  \\$aFocking, Hendrik$ccomposer$d-1796$1http://www.wikidata.org/entity/Q2371031$4cmp$941333
=942  \\$cREC
=952  \\$00$10$2ddc$40$6REC_12_000000000000000_KOOP$70$8REC$927844$aORPH$bORPH$cKM12_2_B$d2020-09-25$l0$oREC 12 KOOP$p20142376$r2025-09-23 15:47:21$w2025-09-23$yREC
=999  \\$d23894

