=LDR  02430nam a2200241 c 4500
=001  23941
=003  DE-604
=005  20250929142628.0
=007  t|
=008  221007s2023\\\\xx\\\\\\\||||\00|||\eng\d
=020  \\$a9780674970472$chardback
=041  0\$aeng
=100  \\$aBrădăţan, Costică$d1971-$1http://www.wikidata.org/entity/Q55106163$4aut$941428
=245  10$aIn Praise of Failure$bFour Lessons in Humility
=260  \\$aCambridge, Massachusetts$bHarvard University Press$c2023
=264  \1$aCambridge, Mass. ; London, England$bHarvard University Press$c2023
=300  \\$a273 pages$c14 cm.
=336  \\$btxt$2rdacontent
=520  \\$aOur obsession with success is hard to overlook. Everywhere we compete, rank, and measure. Yet this relentless drive to be the best blinds us to something vitally important: the need to be humble in the face of life’s challenges. Costica Bradatan mounts his case for failure through the stories of four historical figures who led lives of impact and meaning—and assiduously courted failure. Their struggles show that engaging with our limitations can be not just therapeutic but transformative.

In Praise of Failure explores several arenas of failure, from the social and political to the spiritual and biological. It begins by examining the defiant choices of the French mystic Simone Weil, who, in sympathy with exploited workers, took up factory jobs that her frail body could not sustain. From there we turn to Mahatma Gandhi, whose punishing quest for purity drove him to ever more extreme acts of self-abnegation. Next we meet the self-styled loser E. M. Cioran, who deliberately turned his back on social acceptability, and Yukio Mishima, who reveled in a distinctly Japanese preoccupation with the noble failure, before looking to Seneca to tease out the ingredients of a good life.

Gleefully breaching the boundaries between argument and storytelling, scholarship and spiritual quest, Bradatan concludes that while success can make us shallow, our failures can lead us to humbler, more attentive, and better lived lives. We can do without success, but we are much poorer without the gifts of failure.
=650  \0$aPhilosophy$1http://www.wikidata.org/entity/Q5891$92357
=942  \\$cBOO
=952  \\$00$10$2ddc$40$6PHI_BRAND_A$70$8PHI$927891$aORPH$bORPH$cKM12_3_2$d2025-09-29$l1$m1$oPHI BRAND a$p20142414$q2025-11-24$r2025-09-29 16:35:50$s2025-09-29$w2025-09-29$yBOO
=999  \\$d23941

