=LDR  02216nam a2200289 c 4500
=001  23943
=005  20250929144334.0
=007  t|
=008  130726s2011\\\\xx\a|||\\||||\00|||\eng\d
=020  \\$a9780521349550$cPaperback
=041  0\$aeng
=100  \\$aLocke, Ralph P.$d1949-$1http://www.wikidata.org/entity/Q93881490$4aut$912449
=245  10$aMusical exoticism$bimages and reflections$cRalph P. Locke, Eastman School of Music (University of Rochester)
=250  \\$aFirst paperback edition
=264  \1$aCambridge ; New York ; Melbourne$bCambridge University Press$c2011
=300  \\$axviii, 421 pages$bIllustrations
=336  \\$btxt$2rdacontent
=337  \\$bn$2rdamedia
=338  \\$bnc$2rdacarrier
=520  \\$aA Japanese geisha, a Middle Eastern caravan, a Hungarian-'Gypsy' fiddler, Carmen flinging a rose at Don José - portrayals of people and places that are considered somehow 'exotic' have been ubiquitous from 1700 to today, whether in opera, Broadway musicals, instrumental music, film scores, or in jazz and popular song. Often these portrayals are highly stereotypical but also powerful, indelible and touching - or troubling. Musical Exoticism surveys the vast and varied repertoire of Western musical works that evoke exotic locales. It relates trends in musical exoticism to other trends in music, such as programme music and avant-garde experimentation, as well as to broader historical developments such as nationalism and empire. Ralph P. Locke outlines major trends in exotic depiction from the Baroque era onward, and illustrates these trends through close study of numerous exotic works, including operas by Handel and Rameau, Mozart's 'Rondo alla turca', 'Madame Butterfly' and 'West Side Story'.
=648  \0$a19th Century (1801-1900)$1http://www.wikidata.org/entity/Q6955$920935
=648  \0$a20th Century (1901-2000)$1http://www.wikidata.org/entity/Q6927$920936
=650  \0$aExoticism$1http://www.wikidata.org/entity/Q368949$926990
=650  \0$aMusic history$1http://www.wikidata.org/entity/Q846047$921373
=942  \\$cBOO
=952  \\$00$10$2ddc$40$6AES_LOCK$70$8AES$927893$aORPH$bORPH$cKM12_1$d2025-09-29$l0$oAES LOCK$p20142416$r2025-09-29 14:43:29$w2025-09-29$yBOO
=999  \\$d23943

