=LDR  02239njm a22003977a 4500
=001  23967
=005  20251031163221.0
=008  251001s1972\\\\||||||||\||||\00|\0\eng\d
=024  \\$2CBS Classics$a61 300
=041  \\$aeng
=245  \\$aMusic for Two Harpsichords
=260  \\$aUnited Kingdom$bCBS Classics$c1972
=300  \\$aLP, stereo$c12"
=648  \0$a16th Century (1501-1600)$1http://www.wikidata.org/entity/Q7017$920944
=648  \0$a17th Century (1601-1700)$1http://www.wikidata.org/entity/Q7016$920923
=648  \0$a18th Century (1701-1800)$1http://www.wikidata.org/entity/Q7015$920899
=650  \0$aSuite$1http://www.wikidata.org/entity/Q203005$921718
=650  \0$aSonata$1http://www.wikidata.org/entity/Q131269$921653
=650  \0$aAllemande$1http://www.wikidata.org/entity/Q214305$922888
=650  \0$aRondo$1http://www.wikidata.org/entity/Q1417272$924049
=650  \0$aFugue$1http://www.wikidata.org/entity/Q181014$93142
=650  \0$aMusette$1http://www.wikidata.org/entity/Q3328420$941491
=650  \0$aHarpsichord$1http://www.wikidata.org/entity/Q81982$92125
=700  \\$aKipnis, Igor$d1930-2002$1http://www.wikidata.org/entity/Q457010$4prf$eHarpsichord$941490
=700  \\$aDart, Thurston$d1921-1971$1http://www.wikidata.org/entity/Q963003$4prf$914832$eHarpsichord
=700  \\$aHandel, George Frideric$d1685-1759$1http://www.wikidata.org/entity/Q7302$4cmp$94765
=700  \\$aTomkins, Thomas$d1572-1656$1http://www.wikidata.org/entity/Q968698$4cmp$914438
=700  \\$aByrd, William$d1539/40-1623$1http://www.wikidata.org/entity/Q208375$4cmp$910065
=700  \\$aFarnaby, Giles$dc. 1565-1640$1http://www.wikidata.org/entity/Q1343764$4cmp$97377
=700  \\$aLe Roux, Gaspard$dc. 1660-c. 1707$1http://www.wikidata.org/entity/Q320376$4cmp$96863
=700  \\$aCouperin, François$d1668-1733$1http://www.wikidata.org/entity/Q50186$4cmp$96241
=700  \\$aMozart, Wolfgang Amadeus$d1756-1791$1http://www.wikidata.org/entity/Q254$4cmp$95341
=700  \\$aFerguson, Howard$d1908-1999$4cmp$910844
=942  \\$cREC
=952  \\$00$10$2ddc$40$6REC_12_000000000000000_KIPN_1972$70$8REC$927918$aORPH$bORPH$cKM12_2_B$d2020-09-25$l0$oREC 12 KIPN 1972$p20142435$r2025-10-01 16:42:58$w2025-10-01$yREC
=999  \\$d23967

