=LDR  01939njm a22003497a 4500
=001  23975
=005  20251002142321.0
=008  251002s1981\\\\||||||||\||||\00|\0\mul\d
=024  \\$2Telefunken$a6.42820
=041  \\$ager$aeng$afre
=100  \\$aKirn, Rose$d1941-$1http://www.wikidata.org/entity/Q2166749$4prf$941507$eOrgan
=245  \\$aOrgelmusik Des 17. Jahrhunderts = Organ Music = Musique D'Orgue
=260  \\$aGermany$bTelefunken$c1981
=300  \\$aLP, stereo$bgatefold sleeve$c12"
=490  \\$aDas Alte Werk
=610  \0$aChurch of Saints Cosmas and Damian (Stade, Germany)$1http://www.wikidata.org/entity/Q1719200$941488
=648  \0$a17th Century (1601-1700)$1http://www.wikidata.org/entity/Q7016$920923
=650  \0$aPrelude$1http://www.wikidata.org/entity/Q212148$921947
=650  \0$aMagnificat$1http://www.wikidata.org/entity/Q200809$92021
=650  \0$aFugue$1http://www.wikidata.org/entity/Q181014$93142
=650  \0$aPostlude$1http://www.wikidata.org/entity/Q2094385$924968
=650  \0$aChorale$1http://www.wikidata.org/entity/Q724473$921334
=651  \0$aStade (Niedersachsen, Germany)$1http://www.wikidata.org/entity/Q6949$939882
=700  \\$aBuxtehude, Dietrich$d1637-1707$1http://www.wikidata.org/entity/Q153637$4cmp$910062
=700  \\$aWeckmann, Matthias$d1616?-1674$1http://www.wikidata.org/entity/Q526500$4cmp$910393
=700  \\$aBöhm, Georg$d1661-1733$1http://www.wikidata.org/entity/Q57807$4cmp$912901
=700  \\$aTunder, Franz$d1614-1667$1http://www.wikidata.org/entity/Q698358$4cmp$914483
=700  \\$aScheidemann, Heinrich$dc. 1595-1663$1http://www.wikidata.org/entity/Q61273$4cmp$910510
=700  \\$aScheidt, Samuel$d1587-1654$1http://www.wikidata.org/entity/Q169291$4cmp$96474
=942  \\$cREC
=952  \\$00$10$2ddc$40$6REC_12_000000000000000_KIRN_1981$70$8REC$927926$aORPH$bORPH$cKM12_2_B$d2020-09-25$l0$oREC 12 KIRN 1981$p20142442$r2025-10-02 14:24:36$w2025-10-02$yREC
=999  \\$d23975

