=LDR  00979nam a22002297ib4500
=001  23987
=005  20251003154041.0
=008  221003s2022\\\\fr\||||||\\\\|||||\|eng|c
=020  \\$a9782406135456
=022  \\$a2266-9035
=041  \7$aeng
=100  \\$aWentz, Jed$1http://www.wikidata.org/entity/Q19286587$4edt$919917
=245  00$aHistorical Acting Techniques and the 21st-Century Body
=260  \\$aParis$bClassiques Garnier$c2022
=300  \\$a414 pages
=490  \\$aEuropean Drama and Performance Studies$v2022 - 2, n° 19
=650  \0$aActing$1http://www.wikidata.org/entity/Q222749$92807
=650  \0$aHistorically informed performance$1http://www.wikidata.org/entity/Q1344860$920980
=650  \0$aCorporeality$1http://www.wikidata.org/entity/Q101490283$921406
=942  \\$cBOO
=952  \\$00$10$2ddc$40$6MTP_2_000000000000000_WENT$70$8MTP$927938$aORPH$bORPH$cKM12_1$d2025-09-15$l1$oMTP2 WENT$p20144513$q2026-04-06$r2025-10-09 11:15:05$s2025-10-09$w2025-10-03$yBOO
=999  \\$d23987

