=LDR  02795nam a2200265 c 4500
=001  23989
=005  20251103124736.0
=008  250813s2025\\\\xx\\\\\\\||||\00|||\eng\d
=020  \\$a9781032403724
=041  0\$aeng
=245  10$aMusic Performers' Lived Experiences:$bTheory, Method, Interpretation$nVol. 1
=264  \1$aLondon$bTaylor & Francis Ltd$c2025
=300  \\$a256 pages
=490  0\$aSEMPRE Studies in The Psychology of Music
=505  \\$gList of Figures and Tables -- List of Music Examples -- Notes on Contributors -- Acknowledgements -- Introduction / Mine Dogantan-Dack -- 1 Living With and Imagining the Composer / Mary Hunter -- 2 The Wisdom of the Classical Music Performer / Mine Dogantan-Dack -- 3 Reconnecting with the Past, Feeling the Future and Enjoying the Present: Towards a Novel Pedagogy of Performing Abilities / László Stachó -- 4 The Joy of Sight-Reading / Eugene Montague -- 5 Performing Musical and Metaphysical Agency in Peteris Vasks Gramata cellam / Rebecca Thumpston-Gallagher -- 6 Rachmaninoff Meets Stanislavski: An Allegorical Archive and the Topos of Breath / Pheaross Graham -- 7 But Whose Life, Really?: Singers Experiences of Performing Robert Schumanns Frauenliebe und -leben op. 42 / Natasha Loges -- 8 I Was Trying to Get Down the Mountain with My Violin Strapped to My Back : Performance Anxiety Dreams of Classical Music Performers / Mine Dogantan-Dack & László Stachó -- 9 Cross-Genre Musicking in Individual and Collaborative Group Contexts: Lived Experience and Musical Identity / Ruth Herbert & Asha Parkinson -- 10 Intersubjectivity in Performance / Ian Cross & Neta Spiro -- 11 Mixed Methods for Researching Musicians Lived Experience: The Philosophy and Science of Musical Absorption / Simon Høffding -- 12 Sensing Sound-Motion Objects in Music Performance / Rolf Inge Godøy -- Index
=520  3\$aThe Music Performers Lived Experiences seeks to widen this research area through close investigations of a variety of rich, and nuanced experiences classical music performers have qua performers, as they interact with musical scores and wider artistic and cultural discourses, norms and beliefs
=650  \0$aPerformance$1http://www.wikidata.org/entity/Q6942562$926223
=650  \0$aExperience$1http://www.wikidata.org/entity/Q1355387$922565
=650  \0$aMusical interpretation$1http://www.wikidata.org/entity/Q1668139$94533
=650  \0$aBreathing$1http://www.wikidata.org/entity/Q9530$922983
=650  \0$aSight reading$1http://www.wikidata.org/entity/Q882254$923343
=700  \\$aDoğantan-Dack, Mine$4edt$919881
=942  \\$cBOO
=952  \\$00$10$2ddc$40$6MTP_2_000000000000000_DOGA$70$8MTP$927940$aORPH$bORPH$cKM12_1$d2025-09-01$l1$oMTP2 DOGA$p20144514$q2026-04-06$r2025-10-09 11:14:40$s2025-10-09$w2025-10-03$yBOO
=999  \\$d23989

