=LDR  01028nam a22002417a 4500
=001  23994
=005  20251008105803.0
=008  251008s2015\\\\|||ag|||\||||\00|\0\eng\d
=020  \\$a9780393064964
=041  \\$aeng
=100  \\$aKelly, Thomas Forrest$4aut$919414
=245  \\$aCapturing Music:$bThe Story of Notation
=260  \\$aNew York$bNorton$c2015
=300  \\$a[xv]-238 pages$eCD
=648  \0$aMiddle Ages (500-1400)$1http://www.wikidata.org/entity/Q12554$920964
=648  \0$a15th Century (1401-1500)$1http://www.wikidata.org/entity/Q7018$921015
=650  \0$aNotation$1http://www.wikidata.org/entity/Q233861$91964
=650  \0$aPlainchant$1http://www.wikidata.org/entity/Q2707688$921363
=650  \0$aVocal music$1http://www.wikidata.org/entity/Q685884$93319
=650  \0$aMusic theory$1http://www.wikidata.org/entity/Q193544$92662
=942  \\$cBOO
=952  \\$00$10$2ddc$40$6BIB_3_000000000000000_KELL$70$8BIB$927945$aORPH$bORPH$cKTS0$d2025-10-08$l0$oBIB3 KELL$p20144515$r2025-10-08 10:55:12$w2025-10-08$yBOO
=999  \\$d23994

