=LDR  00835ncm a22002057a 4500
=001  24011
=005  20251009162825.0
=008  251009s1977\\\\|||||ae|\||||\00|\0\mul\d
=041  \\$afre$adut
=100  \\$aCouperin, François$d1668-1733$1http://www.wikidata.org/entity/Q50186$4cmp$96241
=245  \\$aConcerts Royaux
=260  \\$aNetherlands$bStimu$c1977
=300  \\$a30 pages
=648  \0$a18th Century (1701-1800)$1http://www.wikidata.org/entity/Q7015$920899
=650  \0$aHarpsichord$1http://www.wikidata.org/entity/Q81982$92125
=650  \0$aSuite$1http://www.wikidata.org/entity/Q203005$921718
=651  \0$aParis (France)$1http://www.wikidata.org/entity/Q90$9160
=942  \\$cSCO
=952  \\$00$10$2ddc$40$6SCO_COUP$70$8SCO$927967$aORPH$bORPH$cKTS1_P$d2020-09-25$l0$oSCO COUP$p20124816$r2025-10-09 16:30:41$w2025-10-09$ySCO
=999  \\$d24011

