=LDR  00850ncm a22002057a 4500
=001  24020
=005  20251014110957.0
=008  251014s1949\\\\|||||l||\||||\00|\0\fre\d
=041  \\$afre
=100  \\$aCouperin, François$d1668-1733$1http://www.wikidata.org/entity/Q50186$4cmp$96241
=245  \\$aPièces d'orgue
=260  \\$aFrance$bles Éditions de l’Oiseau-Lyre $c1949
=300  \\$a104 pages
=648  \0$a17th Century (1601-1700)$1http://www.wikidata.org/entity/Q7016$920923
=650  \0$aOrgan$1http://www.wikidata.org/entity/Q1444$92810
=650  \0$aOrgan music$1http://www.wikidata.org/entity/Q116958279$91951
=650  \0$aMass$1http://www.wikidata.org/entity/Q217295$92735
=942  \\$cSCO
=952  \\$00$10$2ddc$40$6SCO_COUP$70$8SCO$927977$aORPH$bORPH$cKTS1_P$d2020-09-25$l0$oSCO COUP$p20135912$r2025-10-14 11:13:47$w2025-10-14$ySCO
=999  \\$d24020

