=LDR  00888ncm a22002177a 4500
=001  24022
=005  20251023161954.0
=008  251014r19891728|||||l||\||||\00|\0\mul\d
=041  \\$afre$aeng$ager
=059  \\$aviol
=100  \\$aCouperin, François$d1668-1733$1http://www.wikidata.org/entity/Q50186$4cmp$96241
=245  \\$aPièces de violes avec la basse chiffrée
=260  \\$aFrance$bJ.M. Fuzeau$c1989
=300  \\$a10-15-11 pages
=490  \\$aLa musique française classique de 1650 à 1800$v37
=648  \0$a17th Century (1601-1700)$1http://www.wikidata.org/entity/Q7016$920923
=650  \0$aSuite$1http://www.wikidata.org/entity/Q203005$921718
=700  \\$aSaint-Arroman, Jean$4edt$918782
=942  \\$cSCO
=952  \\$00$10$2ddc$40$6SCO_COUP$70$8SCO$927979$aORPH$bORPH$cKTS1_P$d2020-09-25$eExlibris Ton Koopman$l0$oSCO COUP$p201424802$r2025-10-14 14:22:13$w2025-10-14$ySCO
=999  \\$d24022

