=LDR  01347ncm a22002537a 4500
=001  24025
=005  20251014164618.0
=008  251014r19301928|||||l||\||||\00|\0\eng\d
=022  \\$a9790048004832
=041  \\$aeng
=059  \\$apf
=100  \\$aCortot, Alfred$d1877-1962$1http://www.wikidata.org/entity/Q116057$4cmp$95836
=245  \\$aRational Principles of Pianoforte Technique
=260  \\$aFrance$bSalabert$c1930
=300  \\$a102 pages
=520  \\$aThis book provides a comprehensive method divided into five chapters covering aspects such as, evenness, independence and mobility of the fingers, passing under of the thumb - scales and arpeggios, the technique of double notes and polyphonic playing, the technique of extensions, the technique of the wrist and the execution of chords.
=648  \0$a20th Century (1901-2000)$1http://www.wikidata.org/entity/Q6927$920936
=650  \0$aPiano$1http://www.wikidata.org/entity/Q5994$1http://www.wikidata.org/entity/Q1521313$92127
=650  \0$aKeyboard music$1http://www.wikidata.org/entity/Q105715630$921412
=650  \0$aMethod$1http://www.wikidata.org/entity/Q2250960$921402
=700  \\$aRoy-Metaxas, R. Le$4trl$919852
=942  \\$cSCO
=952  \\$00$10$2ddc$40$6SCO_CORT$70$8SCO$927981$aORPH$bORPH$cKTS1_P$d2020-09-25$l0$oSCO CORT$p20129550$r2025-10-14 16:41:00$w2025-10-14$ySCO
=999  \\$d24025

