=LDR  01130ncm a22002417a 4500
=001  24047
=005  20251023162056.0
=008  251016b19891724|||||l||\||||\00|\0\mul\d
=041  \\$ager$aeng$afre
=100  \\$aDandrieu, Jean François$d1682-1738$1http://www.wikidata.org/entity/Q707696$4cmp$96865
=245  \\$aLivre de pièces de clavecin:$bLes caractères de la guerre (version orchestrale)
=260  \\$aFrance$bJ.M. Fuzeau$c1989
=300  \\$a33-65-30 pages
=490  \\$aLa musique française classique de 1650 à 1800$v34
=648  \0$a18th Century (1701-1800)$1http://www.wikidata.org/entity/Q7015$920899
=650  \0$aHarpsichord$1http://www.wikidata.org/entity/Q81982$92125
=650  \0$aSuite$1http://www.wikidata.org/entity/Q203005$921718
=650  \0$aTrio sonata$1http://www.wikidata.org/entity/Q903425$921654
=650  \0$aSonata$1http://www.wikidata.org/entity/Q131269$921653
=700  \\$aSaint-Arroman, Jean$4edt$918782
=942  \\$cSCO
=952  \\$00$10$2ddc$40$6SCO_DAND$70$8SCO$928003$aORPH$bORPH$cKTS1_P$d2020-09-25$eExlibris Ton Koopman$l0$oSCO DAND$p20124780$r2025-10-16 15:13:14$w2025-10-16$ySCO
=999  \\$d24047

