=LDR  00923ncm a22002177a 4500
=001  24049
=005  20251016163342.0
=008  251016r19871713|||||ld|\||||\00|\0\mul\d
=041  \\$ager$aeng$afre$dfre
=059  \\$av v vn bc
=100  \\$aClérambault, Louis-Nicolas$d1676-1749$1http://www.wikidata.org/entity/Q470149$4cmp$97049
=245  \\$aCantates françaises:$bmêlées de symphonies, second livre
=260  \\$aFrance$bJ.M. Fuzeau$c1987
=300  \\$a9-123 pages
=490  \\$aLa musique Française classique de 1650 à 1800$v14
=648  \0$a18th Century (1701-1800)$1http://www.wikidata.org/entity/Q7015$920899
=650  \0$aCantata$1http://www.wikidata.org/entity/Q174873$921603
=700  \\$aSaint-Arroman, Jean$4edt$918782
=942  \\$cSCO
=952  \\$00$10$2ddc$40$6SCO_CLER$70$8SCO$928005$aORPH$bORPH$cKTS1_P$d2020-09-25$eExlibris Ton Koopman$l0$oSCO CLER$p20124763$r2025-10-16 16:09:36$w2025-10-16$ySCO
=999  \\$d24049

