=LDR  01095ncm a22002417a 4500
=001  24050
=005  20251016163148.0
=008  251016r19881710|||||ld|\||||\00|\0\mul\d
=041  \\$ager$afre$aeng$dfre
=059  \\$av v bc
=100  \\$aClérambault, Louis-Nicolas$d1676-1749$1http://www.wikidata.org/entity/Q470149$4cmp$97049
=245  \\$aCantates françaises:$bà I et à II voix avec symphonie, et sans symphonie, premier livre
=260  \\$aFrance$bJ.M. Fuzeau$c1988
=300  \\$a9-104 pages
=490  \\$aLa musique Française classique de 1650 à 1800$v29
=648  \0$a18th Century (1701-1800)$1http://www.wikidata.org/entity/Q7015$920899
=650  \0$aCantata$1http://www.wikidata.org/entity/Q174873$921603
=650  \0$aMusette$1http://www.wikidata.org/entity/Q3328420$941491
=651  \0$aParis (France)$1http://www.wikidata.org/entity/Q90$9160
=700  \\$aSaint-Arroman, Jean$4edt$918782
=942  \\$cSCO
=952  \\$00$10$2ddc$40$6SCO_CLER$70$8SCO$928006$aORPH$bORPH$cKTS1_P$d2020-09-25$eExlibris Ton Koopman$l0$oSCO CLER$p20124757$r2025-10-16 16:32:54$w2025-10-16$ySCO
=999  \\$d24050

