=LDR  00976ncm a22002177a 4500
=001  24052
=005  20251023170451.0
=008  251019r19941699|||||le|\||||\00|\0\mul\d
=041  \\$aita$afre$ager$aeng$achi
=100  \\$aCaldara, Antonio$d1670-1736$1http://www.wikidata.org/entity/Q311571$4cmp$914892
=245  \\$aSuonate da camera a due violini con il basso continuo:$bOpera seconda
=260  \\$aFrance$bJ.M. Fuzeau$c1994
=300  \\$a26-42-35-31-31
=490  \\$aLa musique française classique de 1650 à 1800
=648  \0$a17th Century (1601-1700)$1http://www.wikidata.org/entity/Q7016$920923
=650  \0$aTrio sonata$1http://www.wikidata.org/entity/Q903425$921654
=651  \0$aVenice (Italy)$1http://www.wikidata.org/entity/Q641$91
=700  \\$aSaint-Arroman, Jean$4edt$918782
=942  \\$cSCO
=952  \\$00$10$2ddc$40$6SCO_CALD$70$8SCO$928008$aORPH$bORPH$cKTS1_P$d2020-09-25$eExlibris Ton Koopman$l0$oSCO CALD$p20124756$r2025-10-19 21:10:51$w2025-10-19$ySCO
=999  \\$d24052

