=LDR  01040ncm a22002417a 4500
=001  24060
=005  20251023151354.0
=008  251023r19891725|||||l||\||||\00|\0\mul\d
=041  \\$afre$aeng$ager
=059  \\$avn vn bc
=100  \\$aCouperin, François$d1668-1733$1http://www.wikidata.org/entity/Q50186$4cmp$96241
=245  \\$aApothéose de Corelli; Apothéose de Lully
=260  \\$aFrance$bJ.M. Fuzeau$c1989
=300  \\$a10-[16]-24 pages
=490  \\$aLa musique Française classique de 1650 à 1800$v35
=648  \0$a18th Century (1701-1800)$1http://www.wikidata.org/entity/Q7015$920899
=650  \0$aTrio sonata$1http://www.wikidata.org/entity/Q903425$921654
=650  \0$aViolin$1http://www.wikidata.org/entity/Q8355$92783
=650  \0$aHarpsichord$1http://www.wikidata.org/entity/Q81982$92125
=700  \\$aSaint-Arroman, Jean$4edt$918782
=942  \\$cSCO
=952  \\$00$10$2ddc$40$6SCO_COUP$70$8SCO$928016$aORPH$bORPH$cKTS1_P$d2020-09-25$eExlibris Ton Koopman$l0$oSCO COUP$p20124804$r2025-10-23 12:43:29$w2025-10-23$ySCO
=999  \\$d24060

