=LDR  01033ncm a22002417a 4500
=001  24061
=005  20251023162134.0
=008  251023r19891735|||||l||\||||\00|\0\mul\d
=041  \\$afre$aeng$ager
=059  \\$ahpd
=100  \\$aDaquin, Louis-Claude$d1694-1772$1http://www.wikidata.org/entity/Q315708$4cmp$922598
=245  \\$aPremier livre de pièces de clavecin
=260  \\$aFrance$bJ.M. Fuzeau$c1989
=300  \\$a12-49 pages
=490  \\$aLa musique française classique de 1650 à 1800$v40
=648  \0$a18th Century (1701-1800)$1http://www.wikidata.org/entity/Q7015$920899
=650  \0$aHarpsichord$1http://www.wikidata.org/entity/Q81982$92125
=650  \0$aKeyboard music$1http://www.wikidata.org/entity/Q105715630$921412
=651  \0$aFrance$1http://www.wikidata.org/entity/Q142$9131
=700  \\$aSaint-Arroman, Jean$4edt$918782
=942  \\$cSCO
=952  \\$00$10$2ddc$40$6SCO_DAQU$70$8SCO$928017$aORPH$bORPH$cKM12_2_B$d2020-09-25$eExlibris Ton Koopman$l0$oSCO DAQU$p20124801$r2025-10-23 14:27:42$w2025-10-23$ySCO
=999  \\$d24061

