=LDR  01044ncm a22002417a 4500
=001  24081
=005  20251028155620.0
=008  251028s1986\\\\|||||l||\||||\00|\0\mul\d
=041  \\$afre$ager$aeng
=059  \\$avn bc
=100  \\$aLeclair, Jean-Marie$d1697-1764$1http://www.wikidata.org/entity/Q348875$4cmp$94746
=245  \\$aSonates:$bÀ violin seul avec la basse continue (quatrième livre)
=260  \\$aFrance$bJ.M. Fuzeau$c1986
=300  \\$a20-75
=490  \\$aLa musique française classique de 1650 à 1800$v9
=648  \0$a18th Century (1701-1800)$1http://www.wikidata.org/entity/Q7015$920899
=650  \0$aSonata$1http://www.wikidata.org/entity/Q131269$921653
=650  \0$aViolin$1http://www.wikidata.org/entity/Q8355$92783
=651  \0$aParis (France)$1http://www.wikidata.org/entity/Q90$9160
=700  \\$aSaint-Arroman, Jean$4edt$918782
=942  \\$cSCO
=952  \\$00$10$2ddc$40$6SCO_LECL$70$8SCO$928041$aORPH$bORPH$cKTS1_P$d2020-09-25$eExlibris Ton Koopman$l0$oSCO LECL$p20124764$r2025-10-28 15:57:44$w2025-10-28$ySCO
=999  \\$d24081

