=LDR  01009ncm a22002297a 4500
=001  24082
=005  20251028161636.0
=008  251028r19941737|||||l||\||||\00|\0\mul\d
=041  \\$afre$aeng$ager
=059  \\$avn vn bc
=100  \\$aLeclair, Jean-Marie$d1697-1764$1http://www.wikidata.org/entity/Q348875$4cmp$94746
=245  \\$a Première récréation de musique oeuvre VIe; Deuxième récréation de musique oeuvre VIIIe
=260  \\$aFrance$bJ.M. Fuzeau$c1994
=300  \\$a(8-8+8+8)
=490  \\$aLa musique française classique de 1650 à 1800$v81
=648  \0$a18th Century (1701-1800)$1http://www.wikidata.org/entity/Q7015$920899
=650  \0$aViolin$1http://www.wikidata.org/entity/Q8355$92783
=651  \0$aParis (France)$1http://www.wikidata.org/entity/Q90$9160
=700  \\$aSaint-Arroman, Jean$4edt$918782
=942  \\$cSCO
=952  \\$00$10$2ddc$40$6SCO_LECL$70$8SCO$928042$aORPH$bORPH$cKTS1_P$d2020-09-25$eExlibris Ton Koopman$l0$oSCO LECL$p20126286$r2025-10-28 16:18:02$w2025-10-28$ySCO
=999  \\$d24082

