=LDR  01037ncm a22002417a 4500
=001  24086
=005  20251031144142.0
=008  251030r19981717|||||le|\||||\00|\0\mul\d
=022  \\$a9790049056373
=041  \\$afre$ager$aeng$achi
=059  \\$avn bc
=100  \\$aMarais, Marin$d1656-1728$1http://www.wikidata.org/entity/Q213519$4cmp$912780
=245  \\$aPièces de viole, quatrième livre:$bLivre pour la viole; Livre pour la basse continue
=260  \\$aFrance$bJ.M. Fuzeau$c1998
=300  \\$a2 parts (XV-136+82)
=490  \\$aLa musique française classique de 1650 à 1800$v113
=648  \0$a18th Century (1701-1800)$1http://www.wikidata.org/entity/Q7015$920899
=650  \0$aSuite$1http://www.wikidata.org/entity/Q203005$921718
=650  \0$aViolin$1http://www.wikidata.org/entity/Q8355$92783
=700  \\$aSaint-Arroman, Jean$4edt$918782
=942  \\$cSCO
=952  \\$00$10$2ddc$40$6SCO_MARA$70$8SCO$928047$aORPH$bORPH$cKTS1_P$d2020-09-25$eExlibris Ton Koopman$l0$oSCO MARA$p20124858$r2025-10-30 17:07:34$w2025-10-30$ySCO
=999  \\$d24086

