=LDR  01003ncm a22002297a 4500
=001  24089
=005  20251031155138.0
=008  251031s1988\\\\|||||l||\||||\00|\0\mul\d
=041  \\$afre$aeng$ager
=059  \\$avv (bc)
=100  \\$aValette de Montigny, Joseph$d1665-1738$1http://www.wikidata.org/entity/Q3185705$4cmp$96228
=245  \\$aMotets à I, II, III voix:$bAvec et sans instruments et basse continue (livre premier)
=260  \\$aFrance$bJ.M. Fuzeau$c1988
=300  \\$a14-111
=490  \\$aLa musique française classique de 1650 à 1800$v24
=648  \0$a18th Century (1701-1800)$1http://www.wikidata.org/entity/Q7015$920899
=650  \0$aVoice$1http://www.wikidata.org/entity/Q7390$925199
=650  \0$aMotet$1http://www.wikidata.org/entity/Q188285$92028
=700  \\$aSaint-Arroman, Jean$4edt$918782
=942  \\$cSCO
=952  \\$00$10$2ddc$40$6SCO_VALE$70$8SCO$928050$aORPH$bORPH$cKTS1_P$d2020-09-25$eExlibris Ton Koopman$l0$oSCO VALE$p20124761$r2025-10-31 15:53:20$w2025-10-31$ySCO
=999  \\$d24089

