=LDR  00861ncm a22002057a 4500
=001  24090
=005  20251031162158.0
=008  251031r19921610|||||l||\||||\00|\0\mul\d
=041  \\$aeng$aita
=059  \\$avv
=100  \\$aMonteverdi, Claudio$d1567-1643$1http://www.wikidata.org/entity/Q53068$4cmp$910794
=245  \\$aSanctissimae virgini missa senis vocibus ac vesperae
=260  \\$aBelgium$bAlamire$c1992
=300  \\$a54 pages
=648  \0$a17th Century (1601-1700)$1http://www.wikidata.org/entity/Q7016$920923
=650  \0$aVirginal$1http://www.wikidata.org/entity/Q922337$923762
=700  1\$aMoens-Haenen, Greta$1http://www.wikidata.org/entity/Q1545947$4win$912798
=942  \\$cSCO
=952  \\$00$10$2ddc$40$6SCO_MONT2$70$8SCO$928051$aORPH$bORPH$cKTS1_P$d2020-09-25$eExlibris Ton Koopman$l0$oSCO MONT2$p20124941$r2025-10-31 16:35:20$w2025-10-31$ySCO
=999  \\$d24090

