=LDR  01200nam a22002777a 4500
=001  24092
=005  20251103141504.0
=008  251103s2022\\\\|||a||||\||||\00|\0\eng\d
=020  \\$a9781838573676
=041  \\$aeng$hita
=100  \\$aMachiavelli, Niccolò$d1469-1527$1http://www.wikidata.org/entity/Q1399$4aut$912523
=245  \\$aThe Prince
=260  \\$aLondon$bArcturus$c2022
=300  \\$a208 pages$billustrations (black & white)
=534  \\$aWritten 1513-1515, originally published in 1532
=610  \0$aHouse of Medici$1http://www.wikidata.org/entity/Q170022$922339
=648  \0$a16th Century (1501-1600)$1http://www.wikidata.org/entity/Q7017$920944
=650  \0$aPolitics$1http://www.wikidata.org/entity/Q7163$921826
=650  \0$aMoral education$1http://www.wikidata.org/entity/Q25457248$93171
=650  \0$aNobility$1http://www.wikidata.org/entity/Q134737$93602
=651  \0$aFlorence (Italy)$1http://www.wikidata.org/entity/Q2044$9248
=700  \\$aRooney, Anne$4win$941719
=765  \\$aIl principe
=942  \\$cBOO
=952  \\$00$10$2ddc$40$6PHI_MACH_A$70$8PHI$928052$aORPH$bORPH$cKM12_3_2$d2025-10-15$g11.95$l0$oPHI MACH a$p20140509$r2025-11-03 14:12:28$w2025-11-03$yBOO
=999  \\$d24092

