=LDR  00945nam a2200229 c 4500
=001  24093
=005  20251103143918.0
=008  241015s2024\\\\xx\a|||\\||||\00|||\fre\d
=020  \\$a9791094642344
=040  \\$aOI
=041  0\$afre
=100  \\$aKaltenecker, Martin$4edt$916158
=245  10$aL'Écoute :$bDe l'Antiquité au XIXe siècle. Une anthologie
=260  \\$aParis$bPhilharmonie de Paris$bÉditions MF$c2024
=300  \\$a1353 pages$billustrations$c23 cm
=648  \0$aPast$1http://www.wikidata.org/entity/Q192630$922196
=650  \0$aListening$1http://www.wikidata.org/entity/Q6646450$925432
=650  \0$aMusic history$1http://www.wikidata.org/entity/Q846047$921373
=650  \0$aMusic philosophy and aesthetics$1http://www.wikidata.org/entity/Q2092865$921165
=942  \\$cBOO
=952  \\$00$10$2ddc$40$6AES_KALT$70$8AES$928053$aORPH$bORPH$cKM12_1$d2025-10-15$g25.00$l0$oAES KALT$p20140510$r2025-11-03 14:39:55$w2025-11-03$yBOO
=999  \\$d24093

