=LDR  01788nam a22002178c 4500
=001  24094
=005  20251103144708.0
=008  241108s2025\\\\xx\\\\\\\||||\00|||\eng\d
=020  \\$a9781032714240
=040  \\$aOI
=041  0\$aeng
=100  \\$aParker, Martin$d1962-$4aut$941722
=245  10$aThe Organization of Things:$bA Cabinet of Curiosities
=260  \\$aLondon$aNew York, NY$bRoutledge$c2025
=300  \\$axii-302 pages
=520  3\$aThis is a book about knowledge and how it is organized. The business school has captured ideas about organization, and reduced them to questions of formal structures, documented processes, logistics and operations. This book shows how the concept can be understood more generously by illuminating the fundamental importance of culture to our understanding of organization. Using the idea of a cabinet of curiosities, the author shows how we can learn a lot about authority from choirs of angels, about secrecy from shipping containers, or work from art galleries. In disorganizing categories, forcing unusual conjunctions, the work opens itself to organization studies and studies of organizing, as well as cultural sociology, human geography, and social theory. Bringing together arguments developed over the last two decades, this book brings together and updates work that will provide a unique and valuable reference for students and scholars of management and organization around the world
=650  \0$aCultural history$1http://www.wikidata.org/entity/Q858517$922395
=650  \0$aManagement$1http://www.wikidata.org/entity/Q2920921$941723
=942  \\$cBOO
=952  \\$00$10$2ddc$40$6HUM_PARK$70$8HUM$928054$aORPH$bORPH$cKM12_1$d2025-07-14$g29.99$l1$m1$oHUM PARK$p20140511$q2025-12-29$r2025-11-03 14:47:58$s2025-11-03$w2025-11-03$yBOO
=999  \\$d24094

