=LDR  03908nam a2200481 c 4500
=001  24095
=005  20251103150449.0
=008  030506s2002\\\\xx\a|||\\||||\00|||\ger\d
=020  \\$a3897542110
=040  \\$aOI
=041  0\$ager
=245  10$aMagie des Wissens.$bAthanasius Kircher 1602 - 1680: Universalgelehrter, Sammler, Visionär
=260  \\$aDettelbach$bRöll$c2002
=300  \\$a216 pages$billustrations$c23x24 cm
=500  \\$aAusstellung Martin-von-Wagner-Museum, Würzburg, 1.10-14.12.2002; Vonderau-Museum, Fulda, 24.1-16.3.2003
=505  \\$gGeleitwort / Th. Berchem -- Magie des Wissens – Zum Konzept einer Ausstellung / Christoph Daxelmüller -- Der Jesuit Athanasius Kircher. Leben und Person / Klaus Wittstadt -- Athanasius Kircher. Bedeutendster Würzburger Professor seiner Zeit / Klaus Wittstadt -- Die Welt als Einheit – Eine Annäherung an das Wissenschaftskonzept des Athanasius Kircher / Christoph Daxelmüller -- Ein Gang durch Zeit und Raum. Das Museum Kircherianum / Christoph Daxelmüller -- Kircher und das Alte Testament / Theodor Seidl -- Kircher als Musikwissenschaftler / Ulrich Konrad -- Athanasius Kircher – Jäger der verlorenen Sprache / Sabine Ziegler -- Athanasius Kircher und die Kenntnis vom Alten Ägypten / Horst Beinlich -- Athanasius Kircher – Arca Noë und Turris Babel / Marie-Louise Thomsen -- Kircher und China. Die China Illustrata als Dokument barocken Wissens / Michael Leibold -- Athanasius Kircher und Latium / Maike Schürmann -- Erkenntnisse – Phantasien – Visionen. Athanasius Kirchers geologisches Weltbild im Lichte heutiger Anschauungen / Martin Okrusch & Klaus-Peter Kelber -- Kircher und die Mathematik / Hans-Joachim Vollrath -- Athanasius Kircher – Wanderer zwischen altem und neumem wissenschaftlichen Denken / Ernst Kircher -- Athanasius Kircher und die Medizin / Werner E. Gerabek -- Kircher und die Astronomie / Harald Siebert -- Athanasius Kircher und die populäre Kultur / Christoph Daxelmüller
=600  \0$aKircher, Athanasius$d1602-1680$1http://www.wikidata.org/entity/Q76738$97040
=610  \0$aJesuits$1http://www.wikidata.org/entity/Q36380$921140
=610  \0$aCollegio Romano (Rome, Italy)$1http://www.wikidata.org/entity/Q2157592$921430
=648  \0$a17th Century (1601-1700)$1http://www.wikidata.org/entity/Q7016$920923
=650  \0$aHumanism$1http://www.wikidata.org/entity/Q46158$92157
=650  \0$aWriter$1http://www.wikidata.org/entity/Q36180$93885
=650  \0$aBiography$1http://www.wikidata.org/entity/Q36279$91927
=650  \0$aEducation$1http://www.wikidata.org/entity/Q8434$926206
=650  \0$aLinguistics$1http://www.wikidata.org/entity/Q8162$93902
=650  \0$aMusic theory$1http://www.wikidata.org/entity/Q193544$92662
=650  \0$aHermeticism$1http://www.wikidata.org/entity/Q192933$94602
=650  \0$aMuseum$1http://www.wikidata.org/entity/Q33506$93137
=650  \0$aOld Testament$1http://www.wikidata.org/entity/Q19786$923499
=650  \0$aScience$1http://www.wikidata.org/entity/Q336$921650
=650  \0$aMathematics$1http://www.wikidata.org/entity/Q395$922612
=650  \0$aMedicine$1http://www.wikidata.org/entity/Q11190$921959
=650  \0$aAstronomy$1http://www.wikidata.org/entity/Q333$924195
=650  \0$aMagic$1http://www.wikidata.org/entity/Q81741$925904
=651  \0$aWürzburg (Germany)$1http://www.wikidata.org/entity/Q2999$924916
=651  \0$aRome (Italy)$1http://www.wikidata.org/entity/Q220$949
=651  \0$aEgypt$1http://www.wikidata.org/entity/Q79$968
=651  \0$aChina$1http://www.wikidata.org/entity/Q29520$921493
=700  \\$aBeinlich, Horst$d1947-$4edt$941724
=700  \\$aDaxelmüller, Christoph$d1948-2013$4edt$941725
=942  \\$cBOO
=952  \\$00$10$2ddc$40$6BIO_KIRC_E$70$8BIO$928055$aORPH$bORPH$cKTS1_P$d2025-08-05$g18.00$l1$oBIO KIRC e$p20140512$q2025-12-01$r2025-11-03 15:05:07$s2025-11-03$w2025-11-03$yBOO
=999  \\$d24095

